<?xml version="1.0" encoding="UTF-8"?>
<!DOCTYPE html PUBLIC "-//W3C//DTD XHTML 1.0 Transitional//EN"
    "http://www.w3.org/TR/xhtml1/DTD/xhtml1-transitional.dtd">
<html xmlns="http://www.w3.org/1999/xhtml" xml:lang="en" lang="en">
 <head>
  <title>
</title>
<meta http-equiv="Content-Type" content="text/html;charset=utf-8" />
  <meta name='ocr-system' content='tesseract 3.04.00' />
  <meta name='ocr-capabilities' content='ocr_page ocr_carea ocr_par ocr_line ocrx_word'/>
</head>
<body>
  <div class='ocr_page' id='page_1' title='image "./fontesiurisroma02brungoog_0261.png"; bbox 0 0 3332 5338; ppageno 0'>
   <div class='ocr_carea' id='block_1_1' title="bbox 313 413 988 484">
    <p class='ocr_par' dir='ltr' id='par_1_1' title="bbox 313 413 988 484">
     <span class='ocr_line' id='line_1_1' title="bbox 313 413 988 484; baseline -0.001 -16"><span class='ocrx_word' id='word_1_1' title='bbox 313 419 378 484; x_wconf 77' lang='lat'>230</span> <span class='ocrx_word' id='word_1_2' title='bbox 864 413 988 483; x_wconf 80' lang='lat' dir='ltr'>Negotia.</span> 
     </span>
    </p>
   </div>
   <div class='ocr_carea' id='block_1_2' title="bbox 257 577 1637 4432">
    <p class='ocr_par' dir='ltr' id='par_1_2' title="bbox 315 577 1637 874">
     <span class='ocr_line' id='line_1_2' title="bbox 315 577 1637 672; baseline -0.007 -17"><span class='ocrx_word' id='word_1_3' title='bbox 315 607 429 672; x_wconf 90' lang='lat' dir='ltr'>genses</span> <span class='ocrx_word' id='word_1_4' title='bbox 456 589 527 653; x_wconf 83' lang='lat' dir='ltr'>eam</span> <span class='ocrx_word' id='word_1_5' title='bbox 553 588 721 669; x_wconf 88' lang='lat' dir='ltr'>pecuniam</span> <span class='ocrx_word' id='word_1_6' title='bbox 741 605 812 651; x_wconf 68' lang='lat' dir='ltr'>¹non</span> <span class='ocrx_word' id='word_1_7' title='bbox 836 587 961 651; x_wconf 89' lang='lat' dir='ltr'>dabunt</span> <span class='ocrx_word' id='word_1_8' title='bbox 983 604 1087 666; x_wconf 80' lang='lat' dir='ltr'>ireque</span> <span class='ocrx_word' id='word_1_9' title='bbox 1115 583 1323 667; x_wconf 68' lang='lat' dir='ltr'>satisfacient</span> <span class='ocrx_word' id='word_1_10' title='bbox 1354 583 1540 648; x_wconf 79' lang='lat' dir='ltr'>arbitratur</span> <span class='ocrx_word' id='word_1_11' title='bbox 1636 577 1637 616; x_wconf 60' lang='lat' dir='ltr'>l</span> 
     </span>
     <span class='ocr_line' id='line_1_3' title="bbox 317 683 1637 774; baseline -0.005 -20"><span class='ocrx_word' id='word_1_12' title='bbox 317 690 635 770; x_wconf 52' lang='lat' dir='ltr'>Genuatium,*quod</span> <span class='ocrx_word' id='word_1_13' title='bbox 657 707 715 769; x_wconf 89' lang='lat' dir='ltr'>per</span> <span class='ocrx_word' id='word_1_14' title='bbox 734 688 920 754; x_wconf 85' lang='lat' dir='ltr'>Genucnses</span> <span class='ocrx_word' id='word_1_15' title='bbox 943 683 1063 774; x_wconf 83' lang='lat' dir='ltr'>mo[r]a</span> <span class='ocrx_word' id='word_1_16' title='bbox 1086 707 1148 752; x_wconf 90' lang='lat' dir='ltr'>non</span> <span class='ocrx_word' id='word_1_17' title='bbox 1172 685 1239 766; x_wconf 86' lang='lat' dir='ltr'>fiat,</span> <span class='ocrx_word' id='word_1_18' title='bbox 1263 707 1326 768; x_wconf 91' lang='lat' dir='ltr'>quo</span> <span class='ocrx_word' id='word_1_19' title='bbox 1349 688 1453 752; x_wconf 88' lang='lat' dir='ltr'>setius</span> <span class='ocrx_word' id='word_1_20' title='bbox 1472 705 1540 750; x_wconf 90' lang='lat' dir='ltr'>eam</span> <span class='ocrx_word' id='word_1_21' title='bbox 1636 699 1637 748; x_wconf 63' lang='grc' dir='ltr'>ζ</span> 
     </span>
     <span class='ocr_line' id='line_1_4' title="bbox 315 781 1637 874; baseline -0.001 -17"><span class='ocrx_word' id='word_1_22' title='bbox 315 793 486 874; x_wconf 88' lang='lat' dir='ltr'>pequniam</span> <span class='ocrx_word' id='word_1_23' title='bbox 519 791 676 871; x_wconf 88' lang='lat' dir='ltr'>acipiant:</span> <span class='ocrx_word' id='word_1_24' title='bbox 699 795 767 854; x_wconf 89' lang='lat' dir='ltr'>tum</span> <span class='ocrx_word' id='word_1_25' title='bbox 792 791 876 871; x_wconf 88' lang='lat' dir='ltr'>quod</span> <span class='ocrx_word' id='word_1_26' title='bbox 899 791 932 854; x_wconf 95' lang='lat' dir='ltr'>in</span> <span class='ocrx_word' id='word_1_27' title='bbox 961 809 997 854; x_wconf 89' lang='lat' dir='ltr'>eo</span> <span class='ocrx_word' id='word_1_28' title='bbox 1025 809 1104 872; x_wconf 88' lang='lat' dir='ltr'>agro</span> <span class='ocrx_word' id='word_1_29' title='bbox 1132 786 1135 872; x_wconf 96' lang='grc' dir='ltr'>Ι</span> <span class='ocrx_word' id='word_1_30' title='bbox 1162 795 1276 854; x_wconf 88' lang='lat' dir='ltr'>natum</span> <span class='ocrx_word' id='word_1_31' title='bbox 1304 789 1367 852; x_wconf 88' lang='lat' dir='ltr'>erit</span> <span class='ocrx_word' id='word_1_32' title='bbox 1389 787 1541 852; x_wconf 87' lang='lat' dir='ltr'><strong>frumenti</strong></span> <span class='ocrx_word' id='word_1_33' title='bbox 1636 781 1637 856; x_wconf 64' lang='grc' dir='ltr'><strong><em>ἶ</em></strong></span> 
     </span>
    </p>

    <p class='ocr_par' dir='ltr' id='par_1_3' title="bbox 281 891 1637 1077">
     <span class='ocr_line' id='line_1_5' title="bbox 281 891 1637 974; baseline 0 -16"><span class='ocrx_word' id='word_1_34' title='bbox 281 936 283 941; x_wconf 91' lang='grc'>-</span> <span class='ocrx_word' id='word_1_35' title='bbox 316 901 442 974; x_wconf 87' lang='lat' dir='ltr'>partem</span> <span class='ocrx_word' id='word_1_36' title='bbox 465 894 696 971; x_wconf 83' lang='lat' dir='ltr'>vicensumam,</span> <span class='ocrx_word' id='word_1_37' title='bbox 728 892 794 956; x_wconf 88' lang='lat' dir='ltr'>vini</span> <span class='ocrx_word' id='word_1_38' title='bbox 817 897 943 972; x_wconf 87' lang='lat' dir='ltr'>partem</span> <span class='ocrx_word' id='word_1_39' title='bbox 968 897 1093 956; x_wconf 82' lang='lat' dir='ltr'>sextam</span> <span class='ocrx_word' id='word_1_40' title='bbox 1116 893 1302 973; x_wconf 82' lang='lat' dir='ltr'>Langenses</span> <span class='ocrx_word' id='word_1_41' title='bbox 1324 891 1539 971; x_wconf 89' lang='lat' dir='ltr'>in·poplicum</span> <span class='ocrx_word' id='word_1_42' title='bbox 1636 923 1637 958; x_wconf 71' lang='lat' dir='ltr'>t</span> 
     </span>
     <span class='ocr_line' id='line_1_6' title="bbox 317 991 1101 1077; baseline -0.003 -18"><span class='ocrx_word' id='word_1_43' title='bbox 317 994 462 1059; x_wconf 85' lang='lat' dir='ltr'>Genuam</span> <span class='ocrx_word' id='word_1_44' title='bbox 487 995 564 1058; x_wconf 89' lang='lat' dir='ltr'>dare</span> <span class='ocrx_word' id='word_1_45' title='bbox 588 994 727 1058; x_wconf 88' lang='lat' dir='ltr'>debento</span> <span class='ocrx_word' id='word_1_46' title='bbox 747 991 752 1077; x_wconf 93' lang='grc' dir='ltr'>Ι</span> <span class='ocrx_word' id='word_1_47' title='bbox 772 994 804 1056; x_wconf 92' lang='lat' dir='ltr'>in</span> <span class='ocrx_word' id='word_1_48' title='bbox 828 1011 928 1076; x_wconf 78' lang='lat' dir='ltr'>annos</span> <span class='ocrx_word' id='word_1_49' title='bbox 951 994 1101 1074; x_wconf 82' lang='lat' dir='ltr'>singalas.</span> 
     </span>
    </p>

    <p class='ocr_par' dir='ltr' id='par_1_4' title="bbox 316 1093 1541 1380">
     <span class='ocr_line' id='line_1_7' title="bbox 356 1093 1541 1176; baseline -0.002 -16"><span class='ocrx_word' id='word_1_50' title='bbox 356 1130 360 1135; x_wconf 93' lang='lat'><em>·</em></span> <span class='ocrx_word' id='word_1_51' title='bbox 400 1095 482 1172; x_wconf 81' lang='lat' dir='ltr'>Quoi</span> <span class='ocrx_word' id='word_1_52' title='bbox 500 1098 588 1160; x_wconf 87' lang='lat' dir='ltr'>intre</span> <span class='ocrx_word' id='word_1_53' title='bbox 606 1115 661 1160; x_wconf 89' lang='lat' dir='ltr'>eos</span> <span class='ocrx_word' id='word_1_54' title='bbox 678 1093 769 1160; x_wconf 89' lang='lat' dir='ltr'>fineis</span> <span class='ocrx_word' id='word_1_55' title='bbox 788 1114 902 1176; x_wconf 90' lang='lat' dir='ltr'>agrum</span> <span class='ocrx_word' id='word_1_56' title='bbox 921 1094 1196 1175; x_wconf 87' lang='lat' dir='ltr'>posedetGenuas</span> <span class='ocrx_word' id='word_1_57' title='bbox 1213 1100 1271 1158; x_wconf 88' lang='lat' dir='ltr'>aut</span> <span class='ocrx_word' id='word_1_58' title='bbox 1290 1093 1448 1173; x_wconf 89' lang='lat' dir='ltr'>Viturius,</span> <span class='ocrx_word' id='word_1_59' title='bbox 1469 1096 1541 1176; x_wconf 91' lang='lat' dir='ltr'>quei</span> 
     </span>
     <span class='ocr_line' id='line_1_8' title="bbox 316 1193 1541 1286; baseline -0.002 -23"><span class='ocrx_word' id='word_1_60' title='bbox 316 1218 426 1265; x_wconf 90' lang='lat' dir='ltr'>eorum</span> <span class='ocrx_word' id='word_1_61' title='bbox 449 1199 595 1279; x_wconf 88' lang='lat' dir='ltr'>posedeit</span> <span class='ocrx_word' id='word_1_62' title='bbox 617 1195 646 1260; x_wconf 88' lang='lat' dir='ltr'>k.</span> <span class='ocrx_word' id='word_1_63' title='bbox 671 1197 870 1286; x_wconf 72' lang='lat' dir='ltr'>Sentildbus)</span> <span class='ocrx_word' id='word_1_64' title='bbox 890 1198 926 1260; x_wconf 92' lang='lat' dir='ltr'>L.</span> <span class='ocrx_word' id='word_1_65' title='bbox 947 1194 1078 1260; x_wconf 84' lang='lat' dir='ltr'>Caicilio</span> <span class='ocrx_word' id='word_1_66' title='bbox 1098 1193 1102 1280; x_wconf 97' lang='grc' dir='ltr'>Ι</span> <span class='ocrx_word' id='word_1_67' title='bbox 1122 1194 1158 1271; x_wconf 83' lang='lat' dir='ltr'>Q.</span> <span class='ocrx_word' id='word_1_68' title='bbox 1175 1196 1305 1260; x_wconf 90' lang='lat' dir='ltr'>Muucio</span> <span class='ocrx_word' id='word_1_69' title='bbox 1325 1213 1398 1275; x_wconf 75' lang='lat' dir='ltr'>cos,</span> <span class='ocrx_word' id='word_1_70' title='bbox 1422 1213 1477 1260; x_wconf 84' lang='lat' dir='ltr'>eos</span> <span class='ocrx_word' id='word_1_71' title='bbox 1496 1197 1541 1260; x_wconf 89' lang='lat' dir='ltr'>ita</span> 
     </span>
     <span class='ocr_line' id='line_1_9' title="bbox 316 1297 1541 1380; baseline -0.001 -17"><span class='ocrx_word' id='word_1_72' title='bbox 316 1301 464 1380; x_wconf 86' lang='lat' dir='ltr'>posidere</span> <span class='ocrx_word' id='word_1_73' title='bbox 488 1300 656 1379; x_wconf 85' lang='lat' dir='ltr'>coloreque</span> <span class='ocrx_word' id='word_1_74' title='bbox 678 1298 784 1362; x_wconf 87' lang='lat' dir='ltr'>liceat.</span> <span class='ocrx_word' id='word_1_75' title='bbox 817 1298 883 1363; x_wconf 85' lang='lat' dir='ltr'>-Eis</span> <span class='ocrx_word' id='word_1_76' title='bbox 906 1299 980 1380; x_wconf 88' lang='lat' dir='ltr'>quei</span> <span class='ocrx_word' id='word_1_77' title='bbox 1003 1298 1206 1378; x_wconf 80' lang='lat' dir='ltr'>posidebunt,</span> <span class='ocrx_word' id='word_1_78' title='bbox 1230 1297 1371 1377; x_wconf 83' lang='lat' dir='ltr'>vectigal</span> <span class='ocrx_word' id='word_1_79' title='bbox 1394 1297 1541 1378; x_wconf 86' lang='lat' dir='ltr'>Langen-</span> 
     </span>
    </p>

    <p class='ocr_par' dir='ltr' id='par_1_5' title="bbox 265 1398 1540 2073">
     <span class='ocr_line' id='line_1_10' title="bbox 265 1398 1540 1484; baseline 0.003 -24"><span class='ocrx_word' id='word_1_80' title='bbox 265 1408 304 1460; x_wconf 85' lang='lat'>30.</span> <span class='ocrx_word' id='word_1_81' title='bbox 317 1401 406 1466; x_wconf 87' lang='lat' dir='ltr'>sibus</span> <span class='ocrx_word' id='word_1_82' title='bbox 425 1419 483 1480; x_wconf 92' lang='lat' dir='ltr'>pro</span> <span class='ocrx_word' id='word_1_83' title='bbox 505 1401 653 1481; x_wconf 87' lang='lat' dir='ltr'>portione</span> <span class='ocrx_word' id='word_1_84' title='bbox 676 1400 753 1464; x_wconf 89' lang='lat' dir='ltr'>dent</span> <span class='ocrx_word' id='word_1_85' title='bbox 775 1401 836 1479; x_wconf 91' lang='lat' dir='ltr'>ita,</span> <span class='ocrx_word' id='word_1_86' title='bbox 864 1401 913 1463; x_wconf 91' lang='lat' dir='ltr'>uti</span> <span class='ocrx_word' id='word_1_87' title='bbox 936 1401 1036 1464; x_wconf 90' lang='lat' dir='ltr'>ceteri</span> <span class='ocrx_word' id='word_1_88' title='bbox 1055 1398 1060 1484; x_wconf 99' lang='grc' dir='ltr'>Ι</span> <span class='ocrx_word' id='word_1_89' title='bbox 1079 1400 1274 1480; x_wconf 81' lang='lat' dir='ltr'>Langenses,</span> <span class='ocrx_word' id='word_1_90' title='bbox 1299 1399 1352 1481; x_wconf 89' lang='lat' dir='ltr'>qui</span> <span class='ocrx_word' id='word_1_91' title='bbox 1376 1417 1488 1464; x_wconf 91' lang='lat' dir='ltr'>eorum</span> <span class='ocrx_word' id='word_1_92' title='bbox 1510 1402 1540 1464; x_wconf 91' lang='lat' dir='ltr'>in</span> 
     </span>
     <span class='ocr_line' id='line_1_11' title="bbox 316 1495 1540 1583; baseline -0.001 -17"><span class='ocrx_word' id='word_1_93' title='bbox 316 1520 353 1566; x_wconf 91' lang='lat' dir='ltr'>eo</span> <span class='ocrx_word' id='word_1_94' title='bbox 380 1519 458 1582; x_wconf 88' lang='lat' dir='ltr'>agro</span> <span class='ocrx_word' id='word_1_95' title='bbox 489 1519 603 1582; x_wconf 89' lang='lat' dir='ltr'>agrum</span> <span class='ocrx_word' id='word_1_96' title='bbox 631 1501 826 1581; x_wconf 81' lang='lat' dir='ltr'>posidebunt</span> <span class='ocrx_word' id='word_1_97' title='bbox 852 1499 1072 1582; x_wconf 87' lang='lat' dir='ltr'>fruenturque.</span> <span class='ocrx_word' id='word_1_98' title='bbox 1118 1502 1254 1583; x_wconf 87' lang='lat' dir='ltr'>Praeter</span> <span class='ocrx_word' id='word_1_99' title='bbox 1281 1495 1319 1565; x_wconf 81' lang='lat' dir='ltr'>ea</span> <span class='ocrx_word' id='word_1_100' title='bbox 1346 1501 1379 1564; x_wconf 91' lang='lat' dir='ltr'>in</span> <span class='ocrx_word' id='word_1_101' title='bbox 1403 1520 1440 1565; x_wconf 89' lang='lat' dir='ltr'>eo</span> <span class='ocrx_word' id='word_1_102' title='bbox 1464 1520 1540 1582; x_wconf 84' lang='lat' dir='ltr'>agro</span> 
     </span>
     <span class='ocr_line' id='line_1_12' title="bbox 316 1601 1538 1684; baseline 0 -18"><span class='ocrx_word' id='word_1_103' title='bbox 316 1603 349 1666; x_wconf 94' lang='lat' dir='ltr'>ni</span> <span class='ocrx_word' id='word_1_104' title='bbox 372 1604 444 1683; x_wconf 90' lang='lat' dir='ltr'>quis</span> <span class='ocrx_word' id='word_1_105' title='bbox 467 1603 614 1682; x_wconf 86' lang='lat' dir='ltr'>posideto</span> <span class='ocrx_word' id='word_1_106' title='bbox 636 1603 699 1667; x_wconf 92' lang='lat' dir='ltr'>nisi</span> <span class='ocrx_word' id='word_1_107' title='bbox 722 1602 761 1666; x_wconf 91' lang='lat' dir='ltr'>dc</span> <span class='ocrx_word' id='word_1_108' title='bbox 785 1604 904 1667; x_wconf 90' lang='lat' dir='ltr'>maiore</span> <span class='ocrx_word' id='word_1_109' title='bbox 927 1609 1020 1684; x_wconf 89' lang='lat' dir='ltr'>parto</span> <span class='ocrx_word' id='word_1_110' title='bbox 1050 1605 1055 1676; x_wconf 92' lang='grc' dir='ltr'>Ι</span> <span class='ocrx_word' id='word_1_111' title='bbox 1079 1603 1297 1684; x_wconf 89' lang='lat' dir='ltr'>Langensium</span> <span class='ocrx_word' id='word_1_112' title='bbox 1320 1601 1538 1668; x_wconf 88' lang='lat' dir='ltr'>Veituriorum</span> 
     </span>
     <span class='ocr_line' id='line_1_13' title="bbox 317 1696 1539 1785; baseline -0.002 -17"><span class='ocrx_word' id='word_1_113' title='bbox 317 1704 489 1783; x_wconf 82' lang='lat' dir='ltr'>sententia,</span> <span class='ocrx_word' id='word_1_114' title='bbox 510 1705 644 1785; x_wconf 90' lang='lat' dir='ltr'>dumne</span> <span class='ocrx_word' id='word_1_115' title='bbox 662 1705 760 1768; x_wconf 90' lang='lat' dir='ltr'>alium</span> <span class='ocrx_word' id='word_1_116' title='bbox 780 1705 866 1769; x_wconf 89' lang='lat' dir='ltr'>intro</span> <span class='ocrx_word' id='word_1_117' title='bbox 885 1696 981 1768; x_wconf 86' lang='lat' dir='ltr'>mitat</span> <span class='ocrx_word' id='word_1_118' title='bbox 999 1705 1062 1769; x_wconf 92' lang='lat' dir='ltr'>nisi</span> <span class='ocrx_word' id='word_1_119' title='bbox 1079 1704 1261 1770; x_wconf 88' lang='lat' dir='ltr'>Genuatem</span> <span class='ocrx_word' id='word_1_120' title='bbox 1280 1709 1339 1768; x_wconf 90' lang='lat' dir='ltr'>aut</span> <span class='ocrx_word' id='word_1_121' title='bbox 1357 1704 1539 1768; x_wconf 86' lang='lat' dir='ltr'>Veiturium</span> 
     </span>
     <span class='ocr_line' id='line_1_14' title="bbox 317 1805 1540 1888; baseline -0.002 -18"><span class='ocrx_word' id='word_1_122' title='bbox 317 1805 440 1870; x_wconf 91' lang='lat' dir='ltr'>colendi</span> <span class='ocrx_word' id='word_1_123' title='bbox 465 1825 573 1869; x_wconf 89' lang='lat' dir='ltr'>causa.</span> <span class='ocrx_word' id='word_1_124' title='bbox 620 1806 700 1888; x_wconf 81' lang='lat' dir='ltr'>Quoi</span> <span class='ocrx_word' id='word_1_125' title='bbox 725 1826 834 1878; x_wconf 88' lang='lat' dir='ltr'>eorum</span> <span class='ocrx_word' id='word_1_126' title='bbox 857 1807 896 1870; x_wconf 91' lang='lat' dir='ltr'>de</span> <span class='ocrx_word' id='word_1_127' title='bbox 923 1807 1045 1870; x_wconf 89' lang='lat' dir='ltr'>maiore</span> <span class='ocrx_word' id='word_1_128' title='bbox 1074 1811 1168 1886; x_wconf 88' lang='lat' dir='ltr'>parte</span> <span class='ocrx_word' id='word_1_129' title='bbox 1192 1806 1197 1886; x_wconf 90' lang='grc' dir='ltr'>Ι</span> <span class='ocrx_word' id='word_1_130' title='bbox 1225 1805 1446 1886; x_wconf 87' lang='lat' dir='ltr'>Langensium</span> <span class='ocrx_word' id='word_1_131' title='bbox 1470 1807 1540 1870; x_wconf 85' lang='lat' dir='ltr'>Vei-</span> 
     </span>
     <span class='ocr_line' id='line_1_15' title="bbox 316 1907 1539 1989; baseline 0.002 -19"><span class='ocrx_word' id='word_1_132' title='bbox 316 1908 438 1971; x_wconf 89' lang='lat' dir='ltr'>turium</span> <span class='ocrx_word' id='word_1_133' title='bbox 462 1909 624 1972; x_wconf 87' lang='lat' dir='ltr'>sententio</span> <span class='ocrx_word' id='word_1_134' title='bbox 646 1908 694 1972; x_wconf 88' lang='lat' dir='ltr'>ita</span> <span class='ocrx_word' id='word_1_135' title='bbox 716 1927 780 1972; x_wconf 92' lang='lat' dir='ltr'>non</span> <span class='ocrx_word' id='word_1_136' title='bbox 802 1908 943 1989; x_wconf 90' lang='lat' dir='ltr'>parebit,</span> <span class='ocrx_word' id='word_1_137' title='bbox 971 1910 999 1972; x_wconf 94' lang='lat' dir='ltr'>is</span> <span class='ocrx_word' id='word_1_138' title='bbox 1022 1927 1096 1971; x_wconf 91' lang='lat' dir='ltr'>eum</span> <span class='ocrx_word' id='word_1_139' title='bbox 1120 1927 1234 1988; x_wconf 87' lang='lat' dir='ltr'>agrum</span> <span class='ocrx_word' id='word_1_140' title='bbox 1256 1907 1308 1971; x_wconf 92' lang='lat' dir='ltr'>nei</span> <span class='ocrx_word' id='word_1_141' title='bbox 1332 1907 1452 1972; x_wconf 88' lang='lat' dir='ltr'>habeto</span> <span class='ocrx_word' id='word_1_142' title='bbox 1471 1911 1539 1972; x_wconf 88' lang='lat' dir='ltr'>nive</span> 
     </span>
     <span class='ocr_line' id='line_1_16' title="bbox 315 2006 474 2073; baseline 0.013 -2"><span class='ocrx_word' id='word_1_143' title='bbox 315 2006 474 2073; x_wconf 89' lang='lat' dir='ltr'>fruimino.</span> 
     </span>
    </p>

    <p class='ocr_par' dir='ltr' id='par_1_6' title="bbox 316 2108 1540 2502">
     <span class='ocr_line' id='line_1_17' title="bbox 400 2108 1539 2195; baseline 0.002 -21"><span class='ocrx_word' id='word_1_144' title='bbox 400 2109 483 2186; x_wconf 80' lang='lat' dir='ltr'>Quei</span> <span class='ocrx_word' id='word_1_145' title='bbox 513 2108 518 2195; x_wconf 97' lang='grc' dir='ltr'>Ι</span> <span class='ocrx_word' id='word_1_146' title='bbox 545 2129 623 2192; x_wconf 85' lang='lat' dir='ltr'>ager</span> <span class='ocrx_word' id='word_1_147' title='bbox 655 2129 862 2192; x_wconf 82' lang='lat' dir='ltr'>compascuos</span> <span class='ocrx_word' id='word_1_148' title='bbox 894 2111 970 2190; x_wconf 83' lang='lat' dir='ltr'>erit,</span> <span class='ocrx_word' id='word_1_149' title='bbox 1004 2111 1036 2174; x_wconf 92' lang='lat' dir='ltr'>in</span> <span class='ocrx_word' id='word_1_150' title='bbox 1068 2130 1105 2174; x_wconf 90' lang='lat' dir='ltr'>eo</span> <span class='ocrx_word' id='word_1_151' title='bbox 1132 2128 1210 2192; x_wconf 89' lang='lat' dir='ltr'>agro</span> <span class='ocrx_word' id='word_1_152' title='bbox 1243 2111 1414 2192; x_wconf 90' lang='lat' dir='ltr'>quominus</span> <span class='ocrx_word' id='word_1_153' title='bbox 1447 2131 1539 2192; x_wconf 89' lang='lat' dir='ltr'>pecus</span> 
     </span>
     <span class='ocr_line' id='line_1_18' title="bbox 317 2209 1510 2304; baseline 0.003 -30"><span class='ocrx_word' id='word_1_154' title='bbox 317 2209 478 2294; x_wconf 84' lang='lat' dir='ltr'>[p]ascere</span> <span class='ocrx_word' id='word_1_155' title='bbox 507 2211 673 2278; x_wconf 83' lang='lat' dir='ltr'>Genuates</span> <span class='ocrx_word' id='word_1_156' title='bbox 696 2214 923 2304; x_wconf 69' lang='lat' dir='ltr'>vertamusque</span> <span class='ocrx_word' id='word_1_157' title='bbox 946 2213 1044 2276; x_wconf 89' lang='lat' dir='ltr'>liceat</span> <span class='ocrx_word' id='word_1_158' title='bbox 1067 2213 1125 2292; x_wconf 89' lang='lat' dir='ltr'>ita,</span> <span class='ocrx_word' id='word_1_159' title='bbox 1154 2213 1221 2277; x_wconf 83' lang='lat' dir='ltr'>ulei</span> <span class='ocrx_word' id='word_1_160' title='bbox 1244 2215 1277 2276; x_wconf 93' lang='lat' dir='ltr'>in</span> <span class='ocrx_word' id='word_1_161' title='bbox 1300 2217 1407 2276; x_wconf 89' lang='lat' dir='ltr'>cetero</span> <span class='ocrx_word' id='word_1_162' title='bbox 1432 2233 1510 2294; x_wconf 87' lang='lat' dir='ltr'>agro</span> 
     </span>
     <span class='ocr_line' id='line_1_19' title="bbox 316 2312 1540 2400; baseline 0.002 -25"><span class='ocrx_word' id='word_1_163' title='bbox 316 2312 460 2378; x_wconf 86' lang='lat' dir='ltr'>Genuati</span> <span class='ocrx_word' id='word_1_164' title='bbox 481 2333 680 2394; x_wconf 88' lang='lat' dir='ltr'>compascuo,</span> <span class='ocrx_word' id='word_1_165' title='bbox 704 2316 737 2378; x_wconf 90' lang='lat' dir='ltr'>ni</span> <span class='ocrx_word' id='word_1_166' title='bbox 760 2315 831 2395; x_wconf 89' lang='lat' dir='ltr'>quis</span> <span class='ocrx_word' id='word_1_167' title='bbox 854 2313 1033 2400; x_wconf 86' lang='lat' dir='ltr'>prohibeto,</span> <span class='ocrx_word' id='word_1_168' title='bbox 1057 2315 1130 2378; x_wconf 86' lang='lat' dir='ltr'>nive</span> <span class='ocrx_word' id='word_1_169' title='bbox 1149 2316 1220 2396; x_wconf 90' lang='lat' dir='ltr'>quis</span> <span class='ocrx_word' id='word_1_170' title='bbox 1239 2316 1304 2379; x_wconf 90' lang='lat' dir='ltr'>vim</span> <span class='ocrx_word' id='word_1_171' title='bbox 1322 2313 1429 2394; x_wconf 88' lang='lat' dir='ltr'>facito,</span> <span class='ocrx_word' id='word_1_172' title='bbox 1452 2317 1540 2380; x_wconf 83' lang='lat' dir='ltr'>neive</span> 
     </span>
     <span class='ocr_line' id='line_1_20' title="bbox 316 2407 1540 2502; baseline -0.001 -21"><span class='ocrx_word' id='word_1_173' title='bbox 316 2415 487 2496; x_wconf 88' lang='lat' dir='ltr'>prohibeto</span> <span class='ocrx_word' id='word_1_174' title='bbox 506 2434 569 2496; x_wconf 89' lang='lat' dir='ltr'>quo</span> <span class='ocrx_word' id='word_1_175' title='bbox 587 2407 690 2480; x_wconf 85' lang='lat' dir='ltr'>minus</span> <span class='ocrx_word' id='word_1_176' title='bbox 709 2435 748 2480; x_wconf 82' lang='lat' dir='ltr'>ex</span> <span class='ocrx_word' id='word_1_177' title='bbox 766 2434 803 2480; x_wconf 89' lang='lat' dir='ltr'>eo</span> <span class='ocrx_word' id='word_1_178' title='bbox 822 2435 900 2500; x_wconf 84' lang='lat' dir='ltr'>agro</span> <span class='ocrx_word' id='word_1_179' title='bbox 919 2417 1009 2497; x_wconf 86' lang='lat' dir='ltr'>ligna</span> <span class='ocrx_word' id='word_1_180' title='bbox 1028 2418 1260 2498; x_wconf 83' lang='lat' dir='ltr'>materiamque</span> <span class='ocrx_word' id='word_1_181' title='bbox 1280 2416 1285 2502; x_wconf 99' lang='grc' dir='ltr'>Ι</span> <span class='ocrx_word' id='word_1_182' title='bbox 1305 2424 1436 2482; x_wconf 87' lang='lat' dir='ltr'>sumant</span> <span class='ocrx_word' id='word_1_183' title='bbox 1449 2425 1540 2482; x_wconf 89' lang='lat' dir='ltr'>utan-</span> 
     </span>
    </p>

    <p class='ocr_par' dir='ltr' id='par_1_7' title="bbox 265 2519 1232 2598">
     <span class='ocr_line' id='line_1_21' title="bbox 265 2519 1232 2598; baseline 0 -18"><span class='ocrx_word' id='word_1_184' title='bbox 265 2519 444 2598; x_wconf 62' lang='lat' dir='ltr'>aterque.</span> <span class='ocrx_word' id='word_1_185' title='bbox 1230 2576 1232 2580; x_wconf 87' lang='lat'>.</span> 
     </span>
    </p>

    <p class='ocr_par' dir='ltr' id='par_1_8' title="bbox 316 2619 1539 3004">
     <span class='ocr_line' id='line_1_22' title="bbox 402 2619 1538 2703; baseline 0.002 -21"><span class='ocrx_word' id='word_1_186' title='bbox 402 2619 549 2700; x_wconf 84' lang='lat' dir='ltr'>Vectigal</span> <span class='ocrx_word' id='word_1_187' title='bbox 576 2619 653 2682; x_wconf 89' lang='lat' dir='ltr'>anni</span> <span class='ocrx_word' id='word_1_188' title='bbox 680 2619 776 2698; x_wconf 92' lang='lat' dir='ltr'>primi</span> <span class='ocrx_word' id='word_1_189' title='bbox 798 2619 828 2683; x_wconf 87' lang='lat' dir='ltr'>k.</span> <span class='ocrx_word' id='word_1_190' title='bbox 853 2619 1001 2684; x_wconf 88' lang='lat' dir='ltr'>lanuaris</span> <span class='ocrx_word' id='word_1_191' title='bbox 1025 2621 1174 2686; x_wconf 90' lang='lat' dir='ltr'>secundis</span> <span class='ocrx_word' id='word_1_192' title='bbox 1197 2620 1330 2685; x_wconf 91' lang='lat' dir='ltr'>Veturis</span> <span class='ocrx_word' id='word_1_193' title='bbox 1353 2623 1538 2703; x_wconf 88' lang='lat' dir='ltr'>Langenses</span> 
     </span>
     <span class='ocr_line' id='line_1_23' title="bbox 316 2718 1539 2805; baseline 0.002 -22"><span class='ocrx_word' id='word_1_194' title='bbox 316 2721 349 2784; x_wconf 95' lang='lat' dir='ltr'>in</span> <span class='ocrx_word' id='word_1_195' title='bbox 368 2721 530 2800; x_wconf 91' lang='lat' dir='ltr'>poplicum</span> <span class='ocrx_word' id='word_1_196' title='bbox 553 2719 698 2783; x_wconf 86' lang='lat' dir='ltr'>Genuam</span> <span class='ocrx_word' id='word_1_197' title='bbox 722 2721 800 2784; x_wconf 90' lang='lat' dir='ltr'>dare</span> <span class='ocrx_word' id='word_1_198' title='bbox 820 2718 824 2804; x_wconf 97' lang='grc' dir='ltr'>Ι</span> <span class='ocrx_word' id='word_1_199' title='bbox 845 2721 990 2786; x_wconf 83' lang='lat' dir='ltr'>debente.</span> <span class='ocrx_word' id='word_1_200' title='bbox 1013 2720 1106 2797; x_wconf 80' lang='lat' dir='ltr'>Quod</span> <span class='ocrx_word' id='word_1_201' title='bbox 1125 2728 1201 2787; x_wconf 90' lang='lat' dir='ltr'>ante</span> <span class='ocrx_word' id='word_1_202' title='bbox 1220 2723 1250 2786; x_wconf 80' lang='lat' dir='ltr'>lr.</span> <span class='ocrx_word' id='word_1_203' title='bbox 1274 2724 1403 2788; x_wconf 85' lang='lat' dir='ltr'>Ianuar.</span> <span class='ocrx_word' id='word_1_204' title='bbox 1422 2725 1539 2805; x_wconf 88' lang='lat' dir='ltr'>primas</span> 
     </span>
     <span class='ocr_line' id='line_1_24' title="bbox 317 2819 1538 2914; baseline 0.004 -31"><span class='ocrx_word' id='word_1_205' title='bbox 317 2819 503 2901; x_wconf 89' lang='lat' dir='ltr'>Langenses</span> <span class='ocrx_word' id='word_1_206' title='bbox 534 2819 632 2914; x_wconf 87' lang='lat' dir='ltr'>fructi</span> <span class='ocrx_word' id='word_1_207' title='bbox 659 2827 735 2885; x_wconf 79' lang='lat' dir='ltr'>scrut</span> <span class='ocrx_word' id='word_1_208' title='bbox 766 2827 942 2903; x_wconf 91' lang='lat' dir='ltr'>eruntque,</span> <span class='ocrx_word' id='word_1_209' title='bbox 976 2824 1116 2907; x_wconf 87' lang='lat' dir='ltr'>vectigal</span> <span class='ocrx_word' id='word_1_210' title='bbox 1145 2825 1259 2888; x_wconf 86' lang='lat' dir='ltr'>invitei</span> <span class='ocrx_word' id='word_1_211' title='bbox 1291 2825 1369 2889; x_wconf 90' lang='lat' dir='ltr'>dare</span> <span class='ocrx_word' id='word_1_212' title='bbox 1401 2826 1455 2890; x_wconf 89' lang='lat' dir='ltr'>nei</span> <span class='ocrx_word' id='word_1_213' title='bbox 1489 2826 1538 2890; x_wconf 90' lang='lat' dir='ltr'>de·</span> 
     </span>
     <span class='ocr_line' id='line_1_25' title="bbox 317 2922 898 3004; baseline -0.015 -14"><span class='ocrx_word' id='word_1_214' title='bbox 317 2922 424 2991; x_wconf 90' lang='lat' dir='ltr'>bento.</span> <span class='ocrx_word' id='word_1_215' title='bbox 450 2922 518 3004; x_wconf 68' lang='grc' dir='ltr'>ωΙ</span> <span class='ocrx_word' id='word_1_216' title='bbox 895 2938 898 2942; x_wconf 65' lang='grc'>’</span> 
     </span>
    </p>

    <p class='ocr_par' dir='ltr' id='par_1_9' title="bbox 317 3021 1540 3516">
     <span class='ocr_line' id='line_1_26' title="bbox 402 3021 1538 3106; baseline 0.001 -18"><span class='ocrx_word' id='word_1_217' title='bbox 402 3025 502 3090; x_wconf 89' lang='lat' dir='ltr'>Prata</span> <span class='ocrx_word' id='word_1_218' title='bbox 525 3043 609 3106; x_wconf 89' lang='lat' dir='ltr'>quae</span> <span class='ocrx_word' id='word_1_219' title='bbox 631 3023 764 3089; x_wconf 82' lang='lat' dir='ltr'>fuerunt</span> <span class='ocrx_word' id='word_1_220' title='bbox 786 3045 943 3106; x_wconf 85' lang='lat' dir='ltr'>proxuma</span> <span class='ocrx_word' id='word_1_221' title='bbox 961 3023 1125 3091; x_wconf 82' lang='lat' dir='ltr'>faenisicei</span> <span class='ocrx_word' id='word_1_222' title='bbox 1145 3029 1178 3093; x_wconf 93' lang='lat' dir='ltr'>L.</span> <span class='ocrx_word' id='word_1_223' title='bbox 1198 3021 1337 3092; x_wconf 81' lang='lat' dir='ltr'>Caecilia</span> <span class='ocrx_word' id='word_1_224' title='bbox 1357 3027 1392 3103; x_wconf 80' lang='lat' dir='ltr'>Q.</span> <span class='ocrx_word' id='word_1_225' title='bbox 1413 3027 1538 3091; x_wconf 90' lang='lat' dir='ltr'>Muucio</span> 
     </span>
     <span class='ocr_line' id='line_1_27' title="bbox 318 3126 1538 3212; baseline 0 -22"><span class='ocrx_word' id='word_1_226' title='bbox 318 3143 379 3190; x_wconf 84' lang='lat' dir='ltr'>cos</span> <span class='ocrx_word' id='word_1_227' title='bbox 402 3126 435 3189; x_wconf 92' lang='lat' dir='ltr'>in</span> <span class='ocrx_word' id='word_1_228' title='bbox 458 3144 536 3208; x_wconf 88' lang='lat' dir='ltr'>agro</span> <span class='ocrx_word' id='word_1_229' title='bbox 560 3128 694 3208; x_wconf 91' lang='lat' dir='ltr'>poplico,</span> <span class='ocrx_word' id='word_1_230' title='bbox 717 3145 813 3209; x_wconf 87' lang='lat' dir='ltr'>quem</span> <span class='ocrx_word' id='word_1_231' title='bbox 832 3127 977 3192; x_wconf 89' lang='lat' dir='ltr'>Vituries</span> <span class='ocrx_word' id='word_1_232' title='bbox 996 3128 1181 3210; x_wconf 87' lang='lat' dir='ltr'>Langenses</span> <span class='ocrx_word' id='word_1_233' title='bbox 1201 3136 1205 3212; x_wconf 96' lang='grc' dir='ltr'>Ι</span> <span class='ocrx_word' id='word_1_234' title='bbox 1226 3130 1376 3210; x_wconf 89' lang='lat' dir='ltr'>posident</span> <span class='ocrx_word' id='word_1_235' title='bbox 1395 3135 1428 3193; x_wconf 90' lang='lat' dir='ltr'>et</span> <span class='ocrx_word' id='word_1_236' title='bbox 1448 3147 1538 3210; x_wconf 89' lang='lat' dir='ltr'>quem</span> 
     </span>
     <span class='ocr_line' id='line_1_28' title="bbox 318 3226 1539 3312; baseline -0.001 -19"><span class='ocrx_word' id='word_1_237' title='bbox 318 3226 452 3293; x_wconf 88' lang='lat' dir='ltr'>Odiates</span> <span class='ocrx_word' id='word_1_238' title='bbox 476 3234 508 3292; x_wconf 92' lang='lat' dir='ltr'>et</span> <span class='ocrx_word' id='word_1_239' title='bbox 531 3247 625 3310; x_wconf 90' lang='lat' dir='ltr'>quem</span> <span class='ocrx_word' id='word_1_240' title='bbox 647 3230 845 3294; x_wconf 89' lang='lat' dir='ltr'>Dectunines</span> <span class='ocrx_word' id='word_1_241' title='bbox 868 3235 901 3293; x_wconf 90' lang='lat' dir='ltr'>et</span> <span class='ocrx_word' id='word_1_242' title='bbox 924 3249 1019 3311; x_wconf 92' lang='lat' dir='ltr'>quem</span> <span class='ocrx_word' id='word_1_243' title='bbox 1043 3229 1265 3296; x_wconf 84' lang='lat' dir='ltr'>Oavatnrineis</span> <span class='ocrx_word' id='word_1_244' title='bbox 1289 3239 1321 3296; x_wconf 92' lang='lat' dir='ltr'>et</span> <span class='ocrx_word' id='word_1_245' title='bbox 1340 3250 1436 3312; x_wconf 92' lang='lat' dir='ltr'>quem</span> <span class='ocrx_word' id='word_1_246' title='bbox 1455 3230 1539 3294; x_wconf 89' lang='lat' dir='ltr'>Men-</span> 
     </span>
     <span class='ocr_line' id='line_1_29' title="bbox 318 3329 1540 3414; baseline 0.001 -22"><span class='ocrx_word' id='word_1_247' title='bbox 318 3331 442 3394; x_wconf 89' lang='lat' dir='ltr'>tovines</span> <span class='ocrx_word' id='word_1_248' title='bbox 465 3331 622 3411; x_wconf 88' lang='lat' dir='ltr'>posident‚</span> <span class='ocrx_word' id='word_1_249' title='bbox 646 3351 686 3396; x_wconf 88' lang='lat' dir='ltr'>ea</span> <span class='ocrx_word' id='word_1_250' title='bbox 708 3337 819 3412; x_wconf 86' lang='lat' dir='ltr'>prata,</span> <span class='ocrx_word' id='word_1_251' title='bbox 850 3329 854 3414; x_wconf 97' lang='grc' dir='ltr'>Ι</span> <span class='ocrx_word' id='word_1_252' title='bbox 878 3332 989 3396; x_wconf 89' lang='lat' dir='ltr'>invitis</span> <span class='ocrx_word' id='word_1_253' title='bbox 1011 3333 1235 3413; x_wconf 88' lang='lat' dir='ltr'>Langensibus</span> <span class='ocrx_word' id='word_1_254' title='bbox 1258 3338 1292 3398; x_wconf 90' lang='lat' dir='ltr'>et</span> <span class='ocrx_word' id='word_1_255' title='bbox 1315 3332 1488 3397; x_wconf 88' lang='lat' dir='ltr'>Odiatibus</span> <span class='ocrx_word' id='word_1_256' title='bbox 1511 3338 1540 3394; x_wconf 89' lang='lat' dir='ltr'>et</span> 
     </span>
     <span class='ocr_line' id='line_1_30' title="bbox 317 3431 1540 3516; baseline 0.001 -22"><span class='ocrx_word' id='word_1_257' title='bbox 317 3432 560 3498; x_wconf 90' lang='lat' dir='ltr'>Dectuninebus</span> <span class='ocrx_word' id='word_1_258' title='bbox 584 3438 617 3496; x_wconf 92' lang='lat' dir='ltr'>et</span> <span class='ocrx_word' id='word_1_259' title='bbox 641 3431 856 3498; x_wconf 85' lang='lat' dir='ltr'>Cavaturines</span> <span class='ocrx_word' id='word_1_260' title='bbox 879 3440 912 3498; x_wconf 93' lang='lat' dir='ltr'>et</span> <span class='ocrx_word' id='word_1_261' title='bbox 929 3435 1141 3514; x_wconf 90' lang='lat' dir='ltr'>Mentovines,</span> <span class='ocrx_word' id='word_1_262' title='bbox 1165 3453 1260 3516; x_wconf 91' lang='lat' dir='ltr'>quem</span> <span class='ocrx_word' id='word_1_263' title='bbox 1280 3434 1416 3515; x_wconf 86' lang='lat' dir='ltr'>quisque</span> <span class='ocrx_word' id='word_1_264' title='bbox 1433 3451 1540 3498; x_wconf 87' lang='lat' dir='ltr'>eorum</span> 
     </span>
    </p>

    <p class='ocr_par' dir='ltr' id='par_1_10' title="bbox 266 3532 1539 3922">
     <span class='ocr_line' id='line_1_31' title="bbox 266 3532 1539 3621; baseline 0.003 -29"><span class='ocrx_word' id='word_1_265' title='bbox 266 3539 431 3621; x_wconf 75' lang='lat' dir='ltr'>magram</span> <span class='ocrx_word' id='word_1_266' title='bbox 452 3532 458 3614; x_wconf 95' lang='grc' dir='ltr'>Ι</span> <span class='ocrx_word' id='word_1_267' title='bbox 476 3535 646 3614; x_wconf 91' lang='lat' dir='ltr'>posidebit,</span> <span class='ocrx_word' id='word_1_268' title='bbox 665 3535 795 3599; x_wconf 85' lang='lat' dir='ltr'>inviteis</span> <span class='ocrx_word' id='word_1_269' title='bbox 814 3536 860 3599; x_wconf 89' lang='lat' dir='ltr'>eis</span> <span class='ocrx_word' id='word_1_270' title='bbox 869 3537 901 3599; x_wconf 93' lang='lat' dir='ltr'>ni</span> <span class='ocrx_word' id='word_1_271' title='bbox 918 3535 991 3616; x_wconf 91' lang='lat' dir='ltr'>quis</span> <span class='ocrx_word' id='word_1_272' title='bbox 1009 3537 1089 3600; x_wconf 89' lang='lat' dir='ltr'>sicet</span> <span class='ocrx_word' id='word_1_273' title='bbox 1101 3537 1174 3600; x_wconf 92' lang='lat' dir='ltr'>nive</span> <span class='ocrx_word' id='word_1_274' title='bbox 1189 3540 1304 3616; x_wconf 88' lang='lat' dir='ltr'>pascat</span> <span class='ocrx_word' id='word_1_275' title='bbox 1316 3535 1389 3600; x_wconf 90' lang='lat' dir='ltr'>nive</span> <span class='ocrx_word' id='word_1_276' title='bbox 1404 3533 1539 3600; x_wconf 76' lang='lat' dir='ltr'>fruatur.</span> 
     </span>
     <span class='ocr_line' id='line_1_32' title="bbox 318 3633 1539 3717; baseline 0 -20"><span class='ocrx_word' id='word_1_277' title='bbox 318 3633 375 3698; x_wconf 85' lang='lat' dir='ltr'>Sei</span> <span class='ocrx_word' id='word_1_278' title='bbox 397 3633 583 3716; x_wconf 88' lang='lat' dir='ltr'>Langucses</span> <span class='ocrx_word' id='word_1_279' title='bbox 606 3641 663 3700; x_wconf 90' lang='lat' dir='ltr'>aut</span> <span class='ocrx_word' id='word_1_280' title='bbox 686 3635 822 3701; x_wconf 90' lang='lat' dir='ltr'>Odiates</span> <span class='ocrx_word' id='word_1_281' title='bbox 846 3643 904 3701; x_wconf 91' lang='lat' dir='ltr'>aut</span> <span class='ocrx_word' id='word_1_282' title='bbox 926 3637 1121 3702; x_wconf 89' lang='lat' dir='ltr'>Dectunines</span> <span class='ocrx_word' id='word_1_283' title='bbox 1144 3642 1202 3702; x_wconf 87' lang='lat' dir='ltr'>aut</span> <span class='ocrx_word' id='word_1_284' title='bbox 1226 3637 1440 3702; x_wconf 84' lang='lat' dir='ltr'>Cavaturines</span> <span class='ocrx_word' id='word_1_285' title='bbox 1462 3635 1466 3717; x_wconf 95' lang='grc' dir='ltr'>Ι</span> <span class='ocrx_word' id='word_1_286' title='bbox 1486 3641 1539 3700; x_wconf 91' lang='lat' dir='ltr'>aut</span> 
     </span>
     <span class='ocr_line' id='line_1_33' title="bbox 316 3735 1538 3820; baseline 0.002 -22"><span class='ocrx_word' id='word_1_287' title='bbox 316 3735 518 3800; x_wconf 86' lang='lat' dir='ltr'>Mentovines</span> <span class='ocrx_word' id='word_1_288' title='bbox 540 3737 662 3802; x_wconf 91' lang='lat' dir='ltr'>malent</span> <span class='ocrx_word' id='word_1_289' title='bbox 684 3739 717 3802; x_wconf 90' lang='lat' dir='ltr'>in</span> <span class='ocrx_word' id='word_1_290' title='bbox 740 3755 777 3802; x_wconf 90' lang='lat' dir='ltr'>eo</span> <span class='ocrx_word' id='word_1_291' title='bbox 802 3757 880 3818; x_wconf 85' lang='lat' dir='ltr'>agro</span> <span class='ocrx_word' id='word_1_292' title='bbox 904 3739 969 3804; x_wconf 88' lang='lat' dir='ltr'>alia</span> <span class='ocrx_word' id='word_1_293' title='bbox 993 3745 1089 3820; x_wconf 89' lang='lat' dir='ltr'>prata</span> <span class='ocrx_word' id='word_1_294' title='bbox 1113 3741 1277 3804; x_wconf 88' lang='lat' dir='ltr'>inmittere</span> <span class='ocrx_word' id='word_1_295' title='bbox 1301 3737 1473 3804; x_wconf 86' lang='lat' dir='ltr'>defendere</span> <span class='ocrx_word' id='word_1_296' title='bbox 1501 3737 1538 3801; x_wconf 89' lang='lat' dir='ltr'>si-</span> 
     </span>
     <span class='ocr_line' id='line_1_34' title="bbox 317 3838 1538 3922; baseline 0.002 -22"><span class='ocrx_word' id='word_1_297' title='bbox 317 3855 404 3918; x_wconf 90' lang='lat' dir='ltr'>care,</span> <span class='ocrx_word' id='word_1_298' title='bbox 428 3839 462 3904; x_wconf 91' lang='lat' dir='ltr'>id</span> <span class='ocrx_word' id='word_1_299' title='bbox 484 3840 532 3904; x_wconf 92' lang='lat' dir='ltr'>uti</span> <span class='ocrx_word' id='word_1_300' title='bbox 556 3838 662 3905; x_wconf 86' lang='lat' dir='ltr'>facere</span> <span class='ocrx_word' id='word_1_301' title='bbox 684 3841 797 3920; x_wconf 88' lang='lat' dir='ltr'>liceat,</span> <span class='ocrx_word' id='word_1_302' title='bbox 815 3841 896 3904; x_wconf 86' lang='lat' dir='ltr'>¹dum</span> <span class='ocrx_word' id='word_1_303' title='bbox 919 3860 959 3905; x_wconf 89' lang='lat' dir='ltr'>ne</span> <span class='ocrx_word' id='word_1_304' title='bbox 982 3841 1168 3922; x_wconf 89' lang='lat' dir='ltr'>ampliorem</span> <span class='ocrx_word' id='word_1_305' title='bbox 1194 3841 1198 3922; x_wconf 97' lang='grc' dir='ltr'>Ι</span> <span class='ocrx_word' id='word_1_306' title='bbox 1223 3842 1352 3906; x_wconf 90' lang='lat' dir='ltr'>modum</span> <span class='ocrx_word' id='word_1_307' title='bbox 1372 3841 1538 3922; x_wconf 85' lang='lat' dir='ltr'>pratorum</span> 
     </span>
    </p>

    <p class='ocr_par' dir='ltr' id='par_1_11' title="bbox 263 3938 1478 4023">
     <span class='ocr_line' id='line_1_35' title="bbox 263 3938 1478 4023; baseline -0.006 -17"><span class='ocrx_word' id='word_1_308' title='bbox 263 4015 267 4022; x_wconf 50' lang='grc'>,</span> <span class='ocrx_word' id='word_1_309' title='bbox 313 3938 468 4020; x_wconf 86' lang='lat' dir='ltr'>habeant,</span> <span class='ocrx_word' id='word_1_310' title='bbox 492 3959 587 4021; x_wconf 88' lang='lat' dir='ltr'>quam</span> <span class='ocrx_word' id='word_1_311' title='bbox 607 3961 763 4022; x_wconf 81' lang='lat' dir='ltr'>proxuma</span> <span class='ocrx_word' id='word_1_312' title='bbox 786 3949 912 4008; x_wconf 87' lang='lat' dir='ltr'>aestate</span> <span class='ocrx_word' id='word_1_313' title='bbox 935 3943 1121 4008; x_wconf 89' lang='lat' dir='ltr'>habuerunt</span> <span class='ocrx_word' id='word_1_314' title='bbox 1143 3941 1309 4023; x_wconf 85' lang='lat' dir='ltr'>fructique</span> <span class='ocrx_word' id='word_1_315' title='bbox 1327 3949 1412 4007; x_wconf 87' lang='lat' dir='ltr'>sunt.</span> <span class='ocrx_word' id='word_1_316' title='bbox 1437 3967 1478 3999; x_wconf 63' lang='grc' dir='ltr'><em>ω</em></span> 
     </span>
    </p>

    <p class='ocr_par' dir='ltr' id='par_1_12' title="bbox 311 4041 1537 4226">
     <span class='ocr_line' id='line_1_36' title="bbox 400 4041 1537 4127; baseline -0.004 -19"><span class='ocrx_word' id='word_1_317' title='bbox 400 4041 554 4117; x_wconf 88' lang='lat' dir='ltr'>Vituries,</span> <span class='ocrx_word' id='word_1_318' title='bbox 575 4045 649 4124; x_wconf 86' lang='lat' dir='ltr'>quei</span> <span class='ocrx_word' id='word_1_319' title='bbox 665 4046 900 4109; x_wconf 85' lang='lat' dir='ltr'>controversias</span> <span class='ocrx_word' id='word_1_320' title='bbox 921 4043 924 4127; x_wconf 96' lang='grc' dir='ltr'>Ι</span> <span class='ocrx_word' id='word_1_321' title='bbox 946 4044 1163 4108; x_wconf 88' lang='lat' dir='ltr'>Genucnsium</span> <span class='ocrx_word' id='word_1_322' title='bbox 1175 4043 1214 4107; x_wconf 94' lang='lat' dir='ltr'>ob</span> <span class='ocrx_word' id='word_1_323' title='bbox 1233 4045 1388 4107; x_wconf 90' lang='lat' dir='ltr'>iniourias</span> <span class='ocrx_word' id='word_1_324' title='bbox 1406 4041 1537 4107; x_wconf 89' lang='lat' dir='ltr'>iudicati</span> 
     </span>
     <span class='ocr_line' id='line_1_37' title="bbox 311 4143 1536 4226; baseline -0.002 -19"><span class='ocrx_word' id='word_1_325' title='bbox 311 4149 374 4206; x_wconf 87' lang='lat' dir='ltr'>aut</span> <span class='ocrx_word' id='word_1_326' title='bbox 398 4145 543 4209; x_wconf 87' lang='lat' dir='ltr'>damnati</span> <span class='ocrx_word' id='word_1_327' title='bbox 568 4151 654 4225; x_wconf 88' lang='lat' dir='ltr'>sunt,</span> <span class='ocrx_word' id='word_1_328' title='bbox 678 4147 724 4209; x_wconf 89' lang='lat' dir='ltr'>sei</span> <span class='ocrx_word' id='word_1_329' title='bbox 747 4147 819 4226; x_wconf 92' lang='lat' dir='ltr'>quis</span> <span class='ocrx_word' id='word_1_330' title='bbox 841 4147 875 4210; x_wconf 93' lang='lat' dir='ltr'>in</span> <span class='ocrx_word' id='word_1_331' title='bbox 892 4147 1047 4211; x_wconf 90' lang='lat' dir='ltr'>vinculeis</span> <span class='ocrx_word' id='word_1_332' title='bbox 1066 4148 1106 4211; x_wconf 93' lang='lat' dir='ltr'>ob</span> <span class='ocrx_word' id='word_1_333' title='bbox 1126 4165 1180 4211; x_wconf 90' lang='lat' dir='ltr'>eas</span> <span class='ocrx_word' id='word_1_334' title='bbox 1202 4164 1254 4208; x_wconf 85' lang='lat' dir='ltr'>res</span> <span class='ocrx_word' id='word_1_335' title='bbox 1274 4149 1332 4224; x_wconf 89' lang='lat' dir='ltr'>est,</span> <span class='ocrx_word' id='word_1_336' title='bbox 1350 4162 1404 4208; x_wconf 88' lang='lat' dir='ltr'>eos</span> <span class='ocrx_word' id='word_1_337' title='bbox 1420 4143 1536 4208; x_wconf 88' lang='lat' dir='ltr'>omneis</span> 
     </span>
    </p>

    <p class='ocr_par' dir='ltr' id='par_1_13' title="bbox 257 4241 1534 4432">
     <span class='ocr_line' id='line_1_38' title="bbox 287 4241 1534 4328; baseline -0.001 -23"><span class='ocrx_word' id='word_1_338' title='bbox 287 4294 289 4298; x_wconf 91' lang='lat'><em>.</em></span> <span class='ocrx_word' id='word_1_339' title='bbox 318 4241 320 4324; x_wconf 90' lang='grc' dir='ltr'>Ι</span> <span class='ocrx_word' id='word_1_340' title='bbox 346 4243 444 4308; x_wconf 88' lang='lat' dir='ltr'>solvei</span> <span class='ocrx_word' id='word_1_341' title='bbox 474 4246 580 4310; x_wconf 90' lang='lat' dir='ltr'>mittei</span> <span class='ocrx_word' id='word_1_342' title='bbox 610 4245 869 4328; x_wconf 78' lang='lat' dir='ltr'>leiber(ore)ique</span> <span class='ocrx_word' id='word_1_343' title='bbox 903 4247 1089 4312; x_wconf 86' lang='lat' dir='ltr'>Genucnses</span> <span class='ocrx_word' id='word_1_344' title='bbox 1121 4248 1249 4312; x_wconf 88' lang='lat' dir='ltr'>videtur</span> <span class='ocrx_word' id='word_1_345' title='bbox 1280 4252 1429 4326; x_wconf 89' lang='lat' dir='ltr'>oportere</span> <span class='ocrx_word' id='word_1_346' title='bbox 1464 4251 1534 4308; x_wconf 89' lang='lat' dir='ltr'>ante</span> 
     </span>
     <span class='ocr_line' id='line_1_39' title="bbox 257 4343 1533 4432; baseline 0 -26"><span class='ocrx_word' id='word_1_347' title='bbox 257 4343 307 4398; x_wconf 61' lang='lat'>45·</span> <span class='ocrx_word' id='word_1_348' title='bbox 320 4345 410 4422; x_wconf 83' lang='lat' dir='ltr'>eidus</span> <span class='ocrx_word' id='word_1_349' title='bbox 432 4346 562 4414; x_wconf 84' lang='lat' dir='ltr'>Sextilis</span> <span class='ocrx_word' id='word_1_350' title='bbox 584 4351 716 4430; x_wconf 90' lang='lat' dir='ltr'>primas.</span> <span class='ocrx_word' id='word_1_351' title='bbox 749 4347 801 4412; x_wconf 87' lang='lat' dir='ltr'>Sei</span> <span class='ocrx_word' id='word_1_352' title='bbox 825 4350 900 4431; x_wconf 89' lang='lat' dir='ltr'>quoi</span> <span class='ocrx_word' id='word_1_353' title='bbox 919 4351 957 4413; x_wconf 88' lang='lat' dir='ltr'>de</span> <span class='ocrx_word' id='word_1_354' title='bbox 981 4368 1020 4413; x_wconf 86' lang='lat' dir='ltr'>ea</span> <span class='ocrx_word' id='word_1_355' title='bbox 1038 4369 1073 4413; x_wconf 91' lang='lat' dir='ltr'>re</span> <span class='ocrx_word' id='word_1_356' title='bbox 1093 4348 1098 4432; x_wconf 96' lang='grc' dir='ltr'>Ι</span> <span class='ocrx_word' id='word_1_357' title='bbox 1117 4350 1259 4430; x_wconf 89' lang='lat' dir='ltr'>iniquom</span> <span class='ocrx_word' id='word_1_358' title='bbox 1279 4347 1442 4412; x_wconf 81' lang='lat' dir='ltr'>videbitur</span> <span class='ocrx_word' id='word_1_359' title='bbox 1458 4363 1533 4418; x_wconf 88' lang='lat' dir='ltr'>esse,</span> 
     </span>
    </p>
   </div>
   <div class='ocr_carea' id='block_1_3' title="bbox 0 0 1673 5338">
    <p class='ocr_par' dir='ltr' id='par_1_14' title="bbox 0 0 1673 5338">
     <span class='ocr_line' id='line_1_40' title="bbox 0 0 1673 5338; baseline 0 0"><span class='ocrx_word' id='word_1_360' title='bbox 0 0 1673 5338; x_wconf 95' lang='lat' dir='ltr'> </span> 
     </span>
    </p>
   </div>
  </div>
 </body>
</html>
