<?xml version="1.0" encoding="UTF-8"?>
<!DOCTYPE html PUBLIC "-//W3C//DTD XHTML 1.0 Transitional//EN"
    "http://www.w3.org/TR/xhtml1/DTD/xhtml1-transitional.dtd">
<html xmlns="http://www.w3.org/1999/xhtml" xml:lang="en" lang="en">
 <head>
  <title>
</title>
<meta http-equiv="Content-Type" content="text/html;charset=utf-8" />
  <meta name='ocr-system' content='tesseract 3.04.00' />
  <meta name='ocr-capabilities' content='ocr_page ocr_carea ocr_par ocr_line ocrx_word'/>
</head>
<body>
  <div class='ocr_page' id='page_1' title='image "./fontesiurisroma02brungoog_0317.png"; bbox 0 0 3328 5356; ppageno 0'>
   <div class='ocr_carea' id='block_1_1' title="bbox 851 412 1005 480">
    <p class='ocr_par' dir='ltr' id='par_1_1' title="bbox 851 412 1005 480">
     <span class='ocr_line' id='line_1_1' title="bbox 851 412 1005 480; baseline 0.006 -14"><span class='ocrx_word' id='word_1_1' title='bbox 851 412 1005 480; x_wconf 75' lang='lat' dir='ltr'>Scriptores.</span> 
     </span>
    </p>
   </div>
   <div class='ocr_carea' id='block_1_2' title="bbox 641 615 1211 684">
    <p class='ocr_par' dir='ltr' id='par_1_2' title="bbox 641 615 1211 684">
     <span class='ocr_line' id='line_1_2' title="bbox 641 615 1211 684; baseline -0.002 -1"><span class='ocrx_word' id='word_1_2' title='bbox 641 617 716 684; x_wconf 86' lang='lat'>1111.</span> <span class='ocrx_word' id='word_1_3' title='bbox 759 616 920 682; x_wconf 80' lang='lat' dir='ltr'>NONIUS</span> <span class='ocrx_word' id='word_1_4' title='bbox 943 615 1211 682; x_wconf 85' lang='lat' dir='ltr'><strong>MARCELLUS.</strong></span> 
     </span>
    </p>
   </div>
   <div class='ocr_carea' id='block_1_3' title="bbox 316 787 1532 1008">
    <p class='ocr_par' dir='ltr' id='par_1_3' title="bbox 316 787 1532 1008">
     <span class='ocr_line' id='line_1_3' title="bbox 402 787 1455 870; baseline -0.004 -14"><span class='ocrx_word' id='word_1_5' title='bbox 402 793 429 856; x_wconf 88' lang='lat' dir='ltr'>E</span> <span class='ocrx_word' id='word_1_6' title='bbox 452 791 567 856; x_wconf 88' lang='lat' dir='ltr'>libris</span> <span class='ocrx_word' id='word_1_7' title='bbox 591 788 936 870; x_wconf 85' lang='lat' dir='ltr'>decompendiosa</span> <span class='ocrx_word' id='word_1_8' title='bbox 960 787 1150 855; x_wconf 85' lang='lat' dir='ltr'>doctrine</span> <span class='ocrx_word' id='word_1_9' title='bbox 1177 805 1249 866; x_wconf 89' lang='lat' dir='ltr'>per</span> <span class='ocrx_word' id='word_1_10' title='bbox 1270 788 1455 854; x_wconf 87' lang='lat' dir='ltr'>litteras.¹</span> 
     </span>
     <span class='ocr_line' id='line_1_4' title="bbox 316 921 1532 1008; baseline -0.003 -16"><span class='ocrx_word' id='word_1_11' title='bbox 316 927 493 1007; x_wconf 83' lang='lat' dir='ltr'>Accensi,</span> <span class='ocrx_word' id='word_1_12' title='bbox 518 926 572 1008; x_wconf 90' lang='lat' dir='ltr'>qui</span> <span class='ocrx_word' id='word_1_13' title='bbox 590 925 641 988; x_wconf 90' lang='lat' dir='ltr'>his</span> <span class='ocrx_word' id='word_1_14' title='bbox 659 921 915 1004; x_wconf 84' lang='lat' dir='ltr'><strong>(decurionibus)</strong></span> <span class='ocrx_word' id='word_1_15' title='bbox 927 922 1187 1002; x_wconf 81' lang='lat' dir='ltr'>accensebantur,</span> <span class='ocrx_word' id='word_1_16' title='bbox 1198 922 1218 985; x_wconf 94' lang='lat' dir='ltr'>i.</span> <span class='ocrx_word' id='word_1_17' title='bbox 1230 921 1532 988; x_wconf 88' lang='lat' dir='ltr'>eadtribuebantur.</span> 
     </span>
    </p>
   </div>
   <div class='ocr_carea' id='block_1_4' title="bbox 204 1023 1533 1108">
    <p class='ocr_par' dir='ltr' id='par_1_4' title="bbox 204 1023 1533 1108">
     <span class='ocr_line' id='line_1_5' title="bbox 204 1023 1533 1108; baseline -0.004 -14"><span class='ocrx_word' id='word_1_18' title='bbox 204 1038 208 1045; x_wconf 84' lang='lat'>&#39;</span> <span class='ocrx_word' id='word_1_19' title='bbox 316 1030 419 1094; x_wconf 89' lang='lat' dir='ltr'>Varro</span> <span class='ocrx_word' id='word_1_20' title='bbox 443 1030 482 1093; x_wconf 91' lang='lat' dir='ltr'>de</span> <span class='ocrx_word' id='word_1_21' title='bbox 505 1029 575 1092; x_wconf 83' lang='lat' dir='ltr'>vita</span> <span class='ocrx_word' id='word_1_22' title='bbox 598 1047 628 1108; x_wconf 91' lang='lat' dir='ltr'>p.</span> <span class='ocrx_word' id='word_1_23' title='bbox 654 1027 690 1090; x_wconf 87' lang='lat' dir='ltr'>R.</span> <span class='ocrx_word' id='word_1_24' title='bbox 714 1043 770 1088; x_wconf 86' lang='lat'>—:</span> <span class='ocrx_word' id='word_1_25' title='bbox 794 1025 859 1106; x_wconf 82' lang='lat' dir='ltr'>‘qui</span> <span class='ocrx_word' id='word_1_26' title='bbox 884 1023 924 1088; x_wconf 91' lang='lat' dir='ltr'>de</span> <span class='ocrx_word' id='word_1_27' title='bbox 946 1023 1145 1104; x_wconf 87' lang='lat' dir='ltr'>ascriptivis,</span> <span class='ocrx_word' id='word_1_28' title='bbox 1170 1041 1241 1088; x_wconf 91' lang='lat' dir='ltr'>cum</span> <span class='ocrx_word' id='word_1_29' title='bbox 1264 1029 1359 1088; x_wconf 89' lang='lat' dir='ltr'>erant</span> <span class='ocrx_word' id='word_1_30' title='bbox 1381 1025 1533 1091; x_wconf 84' lang='lat' dir='ltr'>adtributi</span> 
     </span>
    </p>
   </div>
   <div class='ocr_carea' id='block_1_5' title="bbox 313 1124 1534 3143">
    <p class='ocr_par' dir='ltr' id='par_1_5' title="bbox 314 1124 1533 1618">
     <span class='ocr_line' id='line_1_6' title="bbox 316 1124 1533 1208; baseline -0.004 -12"><span class='ocrx_word' id='word_1_31' title='bbox 316 1131 552 1208; x_wconf 89' lang='lat' dir='ltr'>decurionibus,</span> <span class='ocrx_word' id='word_1_32' title='bbox 571 1165 614 1174; x_wconf 93' lang='lat'>—-</span> <span class='ocrx_word' id='word_1_33' title='bbox 632 1128 758 1193; x_wconf 85' lang='lat' dir='ltr'>accensi</span> <span class='ocrx_word' id='word_1_34' title='bbox 780 1124 1003 1192; x_wconf 57' lang='lat' dir='ltr'>vocabantur?</span> <span class='ocrx_word' id='word_1_35' title='bbox 1025 1129 1096 1190; x_wconf 81' lang='lat'><em>356.</em></span> <span class='ocrx_word' id='word_1_36' title='bbox 1127 1125 1262 1190; x_wconf 87' lang='lat' dir='ltr'>Accensi</span> <span class='ocrx_word' id='word_1_37' title='bbox 1282 1143 1382 1206; x_wconf 82' lang='lat' dir='ltr'>genus</span> <span class='ocrx_word' id='word_1_38' title='bbox 1403 1127 1533 1192; x_wconf 89' lang='lat' dir='ltr'>militiae</span> 
     </span>
     <span class='ocr_line' id='line_1_7' title="bbox 315 1212 1532 1309; baseline -0.003 -13"><span class='ocrx_word' id='word_1_39' title='bbox 315 1238 365 1298; x_wconf 88' lang='lat' dir='ltr'>est</span> <span class='ocrx_word' id='word_1_40' title='bbox 388 1212 691 1297; x_wconf 71' lang='lat' dir='ltr'>administrantibus</span> <span class='ocrx_word' id='word_1_41' title='bbox 714 1229 903 1309; x_wconf 88' lang='lat' dir='ltr'>proximum.</span> <span class='ocrx_word' id='word_1_42' title='bbox 942 1225 1046 1292; x_wconf 87' lang='lat' dir='ltr'>Varro</span> <span class='ocrx_word' id='word_1_43' title='bbox 1068 1227 1189 1292; x_wconf 85' lang='lat' dir='ltr'><strong>rhetor.</strong></span> <span class='ocrx_word' id='word_1_44' title='bbox 1210 1225 1265 1292; x_wconf 92' lang='lat' dir='ltr'>lib.</span> <span class='ocrx_word' id='word_1_45' title='bbox 1288 1227 1362 1291; x_wconf 88' lang='lat' dir='ltr'>XX:</span> <span class='ocrx_word' id='word_1_46' title='bbox 1386 1229 1443 1306; x_wconf 84' lang='lat' dir='ltr'>‘ut,</span> <span class='ocrx_word' id='word_1_47' title='bbox 1466 1247 1532 1292; x_wconf 91' lang='lat' dir='ltr'>con·</span> 
     </span>
     <span class='ocr_line' id='line_1_8' title="bbox 315 1315 1532 1414; baseline -0.004 -15"><span class='ocrx_word' id='word_1_48' title='bbox 315 1336 401 1400; x_wconf 91' lang='lat' dir='ltr'>sules</span> <span class='ocrx_word' id='word_1_49' title='bbox 424 1351 461 1398; x_wconf 88' lang='lat' dir='ltr'>ac</span> <span class='ocrx_word' id='word_1_50' title='bbox 483 1315 650 1414; x_wconf 88' lang='lat' dir='ltr'>praetores</span> <span class='ocrx_word' id='word_1_51' title='bbox 673 1331 729 1413; x_wconf 89' lang='lat' dir='ltr'>qui</span> <span class='ocrx_word' id='word_1_52' title='bbox 752 1335 906 1395; x_wconf 89' lang='lat' dir='ltr'>secuntur</span> <span class='ocrx_word' id='word_1_53' title='bbox 927 1330 961 1394; x_wconf 92' lang='lat' dir='ltr'>in</span> <span class='ocrx_word' id='word_1_54' title='bbox 984 1335 1103 1409; x_wconf 89' lang='lat' dir='ltr'>castra,</span> <span class='ocrx_word' id='word_1_55' title='bbox 1127 1331 1253 1393; x_wconf 84' lang='lat' dir='ltr'>accensi</span> <span class='ocrx_word' id='word_1_56' title='bbox 1277 1330 1365 1409; x_wconf 89' lang='lat' dir='ltr'>dicti,</span> <span class='ocrx_word' id='word_1_57' title='bbox 1390 1331 1475 1412; x_wconf 92' lang='lat' dir='ltr'>quod</span> <span class='ocrx_word' id='word_1_58' title='bbox 1495 1331 1532 1394; x_wconf 88' lang='lat' dir='ltr'>ad</span> 
     </span>
     <span class='ocr_line' id='line_1_9' title="bbox 314 1428 1532 1513; baseline -0.005 -13"><span class='ocrx_word' id='word_1_59' title='bbox 314 1435 515 1500; x_wconf 89' lang='lat' dir='ltr'>necessarias</span> <span class='ocrx_word' id='word_1_60' title='bbox 537 1452 588 1498; x_wconf 92' lang='lat' dir='ltr'>res</span> <span class='ocrx_word' id='word_1_61' title='bbox 611 1433 738 1513; x_wconf 86' lang='lat' dir='ltr'>saepius</span> <span class='ocrx_word' id='word_1_62' title='bbox 757 1433 932 1512; x_wconf 86' lang='lat' dir='ltr'>acciuntur,</span> <span class='ocrx_word' id='word_1_63' title='bbox 956 1432 1045 1496; x_wconf 87' lang='lat' dir='ltr'>velut</span> <span class='ocrx_word' id='word_1_64' title='bbox 1064 1431 1223 1510; x_wconf 88' lang='lat' dir='ltr'>accersiti,</span> <span class='ocrx_word' id='word_1_65' title='bbox 1249 1449 1328 1512; x_wconf 90' lang='lat' dir='ltr'>quos</span> <span class='ocrx_word' id='word_1_66' title='bbox 1346 1450 1432 1496; x_wconf 93' lang='lat' dir='ltr'>nunc</span> <span class='ocrx_word' id='word_1_67' title='bbox 1459 1428 1532 1496; x_wconf 91' lang='lat' dir='ltr'>dici-</span> 
     </span>
     <span class='ocr_line' id='line_1_10' title="bbox 314 1520 1013 1618; baseline -0.007 -18"><span class='ocrx_word' id='word_1_68' title='bbox 314 1555 385 1601; x_wconf 87' lang='lat' dir='ltr'>mus</span> <span class='ocrx_word' id='word_1_69' title='bbox 409 1533 586 1618; x_wconf 82' lang='lat' dir='ltr'>‘deputati&#39;</span> <span class='ocrx_word' id='word_1_70' title='bbox 608 1539 659 1598; x_wconf 78' lang='lat'>41.</span> <span class='ocrx_word' id='word_1_71' title='bbox 1011 1520 1013 1525; x_wconf 58' lang='grc'>’</span> 
     </span>
    </p>

    <p class='ocr_par' dir='ltr' id='par_1_6' title="bbox 314 1635 1532 2021">
     <span class='ocr_line' id='line_1_11' title="bbox 317 1635 1532 1718; baseline -0.001 -16"><span class='ocrx_word' id='word_1_72' title='bbox 317 1640 460 1702; x_wconf 81' lang='lat' dir='ltr'>Arcera</span> <span class='ocrx_word' id='word_1_73' title='bbox 477 1637 657 1718; x_wconf 88' lang='lat' dir='ltr'>plaustrum</span> <span class='ocrx_word' id='word_1_74' title='bbox 673 1639 723 1700; x_wconf 87' lang='lat' dir='ltr'>est</span> <span class='ocrx_word' id='word_1_75' title='bbox 736 1635 905 1712; x_wconf 85' lang='lat' dir='ltr'>rusticum,</span> <span class='ocrx_word' id='word_1_76' title='bbox 918 1639 1041 1699; x_wconf 88' lang='lat' dir='ltr'>tectum</span> <span class='ocrx_word' id='word_1_77' title='bbox 1056 1635 1199 1715; x_wconf 86' lang='lat' dir='ltr'>undique</span> <span class='ocrx_word' id='word_1_78' title='bbox 1214 1636 1308 1716; x_wconf 89' lang='lat' dir='ltr'>quasi</span> <span class='ocrx_word' id='word_1_79' title='bbox 1321 1635 1460 1700; x_wconf 65' lang='lat' dir='ltr'>&#39;arca—</span> <span class='ocrx_word' id='word_1_80' title='bbox 1470 1637 1532 1701; x_wconf 89' lang='lat' dir='ltr'>Hoc</span> 
     </span>
     <span class='ocr_line' id='line_1_12' title="bbox 315 1735 1532 1820; baseline -0.005 -15"><span class='ocrx_word' id='word_1_81' title='bbox 315 1747 424 1805; x_wconf 88' lang='lat' dir='ltr'>autem</span> <span class='ocrx_word' id='word_1_82' title='bbox 439 1737 578 1803; x_wconf 86' lang='lat' dir='ltr'>vehiculi</span> <span class='ocrx_word' id='word_1_83' title='bbox 601 1755 718 1820; x_wconf 77' lang='lat' dir='ltr'>genere</span> <span class='ocrx_word' id='word_1_84' title='bbox 734 1755 825 1801; x_wconf 91' lang='lat' dir='ltr'>senes</span> <span class='ocrx_word' id='word_1_85' title='bbox 843 1741 875 1800; x_wconf 91' lang='lat' dir='ltr'>et</span> <span class='ocrx_word' id='word_1_86' title='bbox 894 1737 1017 1817; x_wconf 83' lang='lat' dir='ltr'>aegroti</span> <span class='ocrx_word' id='word_1_87' title='bbox 1032 1735 1156 1800; x_wconf 85' lang='lat' dir='ltr'>uectari</span> <span class='ocrx_word' id='word_1_88' title='bbox 1171 1737 1284 1800; x_wconf 91' lang='lat' dir='ltr'>solent.</span> <span class='ocrx_word' id='word_1_89' title='bbox 1295 1735 1380 1819; x_wconf 85' lang='lat' dir='ltr'><em>(XII.</em></span> <span class='ocrx_word' id='word_1_90' title='bbox 1395 1748 1420 1796; x_wconf 79' lang='lat'>1,</span> <span class='ocrx_word' id='word_1_91' title='bbox 1433 1741 1470 1818; x_wconf 85' lang='lat'>3.)</span> <span class='ocrx_word' id='word_1_92' title='bbox 1485 1741 1532 1802; x_wconf 85' lang='lat'>38.</span> 
     </span>
     <span class='ocr_line' id='line_1_13' title="bbox 316 1835 1532 1922; baseline -0.007 -16"><span class='ocrx_word' id='word_1_93' title='bbox 316 1842 498 1920; x_wconf 89' lang='lat' dir='ltr'>Baetcre,</span> <span class='ocrx_word' id='word_1_94' title='bbox 521 1841 541 1904; x_wconf 89' lang='lat' dir='ltr'>i.</span> <span class='ocrx_word' id='word_1_95' title='bbox 566 1858 591 1902; x_wconf 91' lang='lat' dir='ltr'>e.</span> <span class='ocrx_word' id='word_1_96' title='bbox 614 1840 670 1903; x_wconf 90' lang='lat' dir='ltr'>ire.</span> <span class='ocrx_word' id='word_1_97' title='bbox 689 1837 851 1903; x_wconf 88' lang='lat' dir='ltr'>Varro-</span> <span class='ocrx_word' id='word_1_98' title='bbox 867 1837 945 1919; x_wconf 75' lang='grc' dir='ltr'>περὶ</span> <span class='ocrx_word' id='word_1_99' title='bbox 966 1835 1197 1911; x_wconf 56' lang='grc' dir='ltr'><strong><em>παιδοποιίας</em></strong></span> <span class='ocrx_word' id='word_1_100' title='bbox 1225 1835 1345 1902; x_wconf 72' lang='lat' dir='ltr'>‘annos&#39;</span> <span class='ocrx_word' id='word_1_101' title='bbox 1369 1851 1416 1899; x_wconf 82' lang='lat' dir='ltr'>ete·</span> <span class='ocrx_word' id='word_1_102' title='bbox 1440 1837 1532 1922; x_wconf 70' lang='lat' dir='ltr'>(supra</span> 
     </span>
     <span class='ocr_line' id='line_1_14' title="bbox 314 1944 582 2021; baseline 0.004 -18"><span class='ocrx_word' id='word_1_103' title='bbox 314 1968 344 2020; x_wconf 78' lang='lat' dir='ltr'>p.</span> <span class='ocrx_word' id='word_1_104' title='bbox 365 1944 489 2021; x_wconf 80' lang='lat' dir='ltr'>19.n‚3.)</span> <span class='ocrx_word' id='word_1_105' title='bbox 534 1945 582 2006; x_wconf 83' lang='lat'>55.</span> 
     </span>
    </p>

    <p class='ocr_par' dir='ltr' id='par_1_7' title="bbox 313 2039 1532 2425">
     <span class='ocr_line' id='line_1_15' title="bbox 316 2039 1531 2124; baseline -0.004 -14"><span class='ocrx_word' id='word_1_106' title='bbox 316 2045 500 2110; x_wconf 87' lang='lat' dir='ltr'>Calvitur</span> <span class='ocrx_word' id='word_1_107' title='bbox 528 2045 648 2108; x_wconf 90' lang='lat' dir='ltr'>dictum</span> <span class='ocrx_word' id='word_1_108' title='bbox 671 2047 722 2107; x_wconf 89' lang='lat' dir='ltr'>est</span> <span class='ocrx_word' id='word_1_109' title='bbox 743 2039 918 2120; x_wconf 80' lang='lat' dir='ltr'>frustatur,</span> <span class='ocrx_word' id='word_1_110' title='bbox 941 2075 984 2088; x_wconf 85' lang='lat'>-</span> <span class='ocrx_word' id='word_1_111' title='bbox 1007 2061 1026 2105; x_wconf 86' lang='lat' dir='ltr'>a</span> <span class='ocrx_word' id='word_1_112' title='bbox 1054 2040 1153 2104; x_wconf 90' lang='lat' dir='ltr'>calvis</span> <span class='ocrx_word' id='word_1_113' title='bbox 1183 2041 1334 2120; x_wconf 90' lang='lat' dir='ltr'>mimicis,</span> <span class='ocrx_word' id='word_1_114' title='bbox 1367 2045 1453 2124; x_wconf 91' lang='lat' dir='ltr'>quod</span> <span class='ocrx_word' id='word_1_115' title='bbox 1475 2043 1531 2106; x_wconf 86' lang='lat' dir='ltr'>sint</span> 
     </span>
     <span class='ocr_line' id='line_1_16' title="bbox 315 2141 1531 2225; baseline -0.003 -13"><span class='ocrx_word' id='word_1_116' title='bbox 315 2145 461 2213; x_wconf 90' lang='lat' dir='ltr'>omnibus</span> <span class='ocrx_word' id='word_1_117' title='bbox 477 2145 662 2210; x_wconf 58' lang='lat' dir='ltr'>‘frustratui</span> <span class='ocrx_word' id='word_1_118' title='bbox 681 2181 724 2189; x_wconf 92' lang='lat'><em>-</em></span> <span class='ocrx_word' id='word_1_119' title='bbox 741 2141 886 2208; x_wconf 87' lang='lat' dir='ltr'>Lucilius</span> <span class='ocrx_word' id='word_1_120' title='bbox 900 2163 956 2206; x_wconf 76' lang='grc' dir='ltr'>-ε</span> <span class='ocrx_word' id='word_1_121' title='bbox 975 2143 1092 2207; x_wconf 91' lang='lat' dir='ltr'>‘sinon</span> <span class='ocrx_word' id='word_1_122' title='bbox 1110 2142 1150 2220; x_wconf 88' lang='lat' dir='ltr'>it,</span> <span class='ocrx_word' id='word_1_123' title='bbox 1169 2143 1288 2224; x_wconf 88' lang='lat' dir='ltr'>capito,</span> <span class='ocrx_word' id='word_1_124' title='bbox 1306 2143 1428 2225; x_wconf 87' lang='lat' dir='ltr'>inquit,</span> <span class='ocrx_word' id='word_1_125' title='bbox 1453 2163 1531 2221; x_wconf 91' lang='lat' dir='ltr'>eum;</span> 
     </span>
     <span class='ocr_line' id='line_1_17' title="bbox 314 2244 1532 2328; baseline -0.007 -16"><span class='ocrx_word' id='word_1_126' title='bbox 314 2253 347 2313; x_wconf 90' lang='lat' dir='ltr'>et</span> <span class='ocrx_word' id='word_1_127' title='bbox 370 2249 397 2312; x_wconf 87' lang='lat' dir='ltr'>si</span> <span class='ocrx_word' id='word_1_128' title='bbox 416 2249 564 2326; x_wconf 86' lang='lat' dir='ltr'>calvitur,</span> <span class='ocrx_word' id='word_1_129' title='bbox 588 2265 665 2328; x_wconf 82' lang='lat' dir='ltr'>ergo</span> <span class='ocrx_word' id='word_1_130' title='bbox 684 2245 738 2310; x_wconf 86' lang='lat' dir='ltr'>fur</span> <span class='ocrx_word' id='word_1_131' title='bbox 754 2244 938 2311; x_wconf 88' lang='lat' dir='ltr'>dominum’</span> <span class='ocrx_word' id='word_1_132' title='bbox 962 2246 1258 2328; x_wconf 66' lang='lat' dir='ltr'>(eadofertomoaamt</span> <span class='ocrx_word' id='word_1_133' title='bbox 1275 2249 1342 2304; x_wconf 73' lang='lat' dir='ltr'>mdo</span> <span class='ocrx_word' id='word_1_134' title='bbox 1360 2251 1532 2318; x_wconf 62' lang='lat' dir='ltr'>feretranam</span> 
     </span>
     <span class='ocr_line' id='line_1_18' title="bbox 313 2351 570 2425; baseline 0.008 -16"><span class='ocrx_word' id='word_1_135' title='bbox 313 2373 348 2410; x_wconf 87' lang='lat' dir='ltr'>se.</span> <span class='ocrx_word' id='word_1_136' title='bbox 367 2351 477 2422; x_wconf 79' lang='lat' dir='ltr'>tacito?)</span> <span class='ocrx_word' id='word_1_137' title='bbox 510 2352 540 2411; x_wconf 81' lang='grc'>4.</span> <span class='ocrx_word' id='word_1_138' title='bbox 568 2421 570 2425; x_wconf 81' lang='lat'><em>.</em></span> 
     </span>
    </p>

    <p class='ocr_par' dir='ltr' id='par_1_8' title="bbox 313 2447 1534 3143">
     <span class='ocr_line' id='line_1_19' title="bbox 315 2447 1530 2531; baseline -0.004 -16"><span class='ocrx_word' id='word_1_139' title='bbox 315 2451 485 2528; x_wconf 87' lang='lat' dir='ltr'>Coicere,</span> <span class='ocrx_word' id='word_1_140' title='bbox 518 2467 623 2531; x_wconf 83' lang='lat' dir='ltr'>agere.</span> <span class='ocrx_word' id='word_1_141' title='bbox 658 2447 852 2515; x_wconf 63' lang='lat' dir='ltr'>Afraniusr:</span> <span class='ocrx_word' id='word_1_142' title='bbox 877 2451 1019 2513; x_wconf 85' lang='lat' dir='ltr'>‘causam</span> <span class='ocrx_word' id='word_1_143' title='bbox 1046 2447 1169 2514; x_wconf 90' lang='lat' dir='ltr'>coicere</span> <span class='ocrx_word' id='word_1_144' title='bbox 1200 2449 1294 2513; x_wconf 89' lang='lat' dir='ltr'>hodie</span> <span class='ocrx_word' id='word_1_145' title='bbox 1323 2449 1364 2513; x_wconf 92' lang='lat' dir='ltr'>ad</span> <span class='ocrx_word' id='word_1_146' title='bbox 1392 2455 1427 2514; x_wconf 86' lang='lat' dir='ltr'>te</span> <span class='ocrx_word' id='word_1_147' title='bbox 1458 2449 1530 2513; x_wconf 91' lang='lat' dir='ltr'>volo.</span> 
     </span>
     <span class='ocr_line' id='line_1_20' title="bbox 314 2549 1341 2633; baseline -0.001 -17"><span class='ocrx_word' id='word_1_148' title='bbox 314 2551 448 2618; x_wconf 84' lang='lat' dir='ltr'>Ambon&#39;</span> <span class='ocrx_word' id='word_1_149' title='bbox 472 2549 616 2616; x_wconf 78' lang='lat' dir='ltr'>adestis?</span> <span class='ocrx_word' id='word_1_150' title='bbox 638 2549 825 2631; x_wconf 86' lang='lat' dir='ltr'>profuturos</span> <span class='ocrx_word' id='word_1_151' title='bbox 849 2549 1007 2616; x_wconf 81' lang='lat' dir='ltr'>arbitron&#39;</span> <span class='ocrx_word' id='word_1_152' title='bbox 1039 2549 1132 2632; x_wconf 83' lang='lat' dir='ltr'><strong><em>(XII.</em></strong></span> <span class='ocrx_word' id='word_1_153' title='bbox 1142 2561 1167 2622; x_wconf 90' lang='lat'>1,</span> <span class='ocrx_word' id='word_1_154' title='bbox 1186 2549 1224 2633; x_wconf 73' lang='lat'>7.)</span> <span class='ocrx_word' id='word_1_155' title='bbox 1269 2555 1341 2615; x_wconf 77' lang='lat'><strong><em>183.</em></strong></span> 
     </span>
     <span class='ocr_line' id='line_1_21' title="bbox 313 2653 1532 2736; baseline -0.002 -17"><span class='ocrx_word' id='word_1_156' title='bbox 313 2655 489 2720; x_wconf 82' lang='lat' dir='ltr'>Fetiales</span> <span class='ocrx_word' id='word_1_157' title='bbox 513 2691 554 2699; x_wconf 89' lang='lat'><em>-</em></span> <span class='ocrx_word' id='word_1_158' title='bbox 579 2655 683 2718; x_wconf 86' lang='lat' dir='ltr'>Varro</span> <span class='ocrx_word' id='word_1_159' title='bbox 706 2655 746 2719; x_wconf 93' lang='lat' dir='ltr'>de</span> <span class='ocrx_word' id='word_1_160' title='bbox 767 2655 837 2718; x_wconf 83' lang='lat' dir='ltr'>uita</span> <span class='ocrx_word' id='word_1_161' title='bbox 860 2674 889 2736; x_wconf 87' lang='lat' dir='ltr'>p.</span> <span class='ocrx_word' id='word_1_162' title='bbox 912 2653 949 2719; x_wconf 92' lang='lat' dir='ltr'>R.</span> <span class='ocrx_word' id='word_1_163' title='bbox 972 2655 1026 2720; x_wconf 92' lang='lat' dir='ltr'>lib.</span> <span class='ocrx_word' id='word_1_164' title='bbox 1049 2655 1095 2720; x_wconf 92' lang='lat' dir='ltr'>Il:</span> <span class='ocrx_word' id='word_1_165' title='bbox 1127 2655 1253 2736; x_wconf 86' lang='lat' dir='ltr'>‘Itaque</span> <span class='ocrx_word' id='word_1_166' title='bbox 1275 2655 1362 2720; x_wconf 89' lang='lat' dir='ltr'>bella</span> <span class='ocrx_word' id='word_1_167' title='bbox 1389 2661 1423 2720; x_wconf 89' lang='lat' dir='ltr'>et</span> <span class='ocrx_word' id='word_1_168' title='bbox 1446 2655 1532 2720; x_wconf 87' lang='lat' dir='ltr'>tarde</span> 
     </span>
     <span class='ocr_line' id='line_1_22' title="bbox 315 2754 1533 2838; baseline 0 -18"><span class='ocrx_word' id='word_1_169' title='bbox 315 2767 348 2820; x_wconf 87' lang='lat' dir='ltr'>et</span> <span class='ocrx_word' id='word_1_170' title='bbox 369 2775 487 2836; x_wconf 81' lang='lat' dir='ltr'>magna</span> <span class='ocrx_word' id='word_1_171' title='bbox 509 2755 641 2820; x_wconf 86' lang='lat' dir='ltr'>licentia</span> <span class='ocrx_word' id='word_1_172' title='bbox 663 2754 880 2837; x_wconf 60' lang='lat' dir='ltr'>(diltqenttff)</span> <span class='ocrx_word' id='word_1_173' title='bbox 902 2756 1135 2838; x_wconf 81' lang='lat' dir='ltr'>suscipiebant,</span> <span class='ocrx_word' id='word_1_174' title='bbox 1164 2757 1249 2838; x_wconf 92' lang='lat' dir='ltr'>quod</span> <span class='ocrx_word' id='word_1_175' title='bbox 1271 2757 1392 2822; x_wconf 90' lang='lat' dir='ltr'>bellum</span> <span class='ocrx_word' id='word_1_176' title='bbox 1413 2758 1533 2823; x_wconf 90' lang='lat' dir='ltr'>nullum</span> 
     </span>
     <span class='ocr_line' id='line_1_23' title="bbox 315 2857 1534 2940; baseline 0.001 -19"><span class='ocrx_word' id='word_1_177' title='bbox 315 2859 377 2922; x_wconf 91' lang='lat' dir='ltr'>nisi</span> <span class='ocrx_word' id='word_1_178' title='bbox 400 2858 488 2937; x_wconf 86' lang='lat' dir='ltr'>pium</span> <span class='ocrx_word' id='word_1_179' title='bbox 511 2857 675 2938; x_wconf 88' lang='lat' dir='ltr'>putabant</span> <span class='ocrx_word' id='word_1_180' title='bbox 690 2857 760 2938; x_wconf 79' lang='lat' dir='ltr'>geri</span> <span class='ocrx_word' id='word_1_181' title='bbox 775 2862 938 2937; x_wconf 85' lang='lat' dir='ltr'>oportere3</span> <span class='ocrx_word' id='word_1_182' title='bbox 961 2857 1151 2940; x_wconf 87' lang='lat' dir='ltr'>priusquam</span> <span class='ocrx_word' id='word_1_183' title='bbox 1169 2859 1349 2924; x_wconf 82' lang='lat' dir='ltr'>indicerent</span> <span class='ocrx_word' id='word_1_184' title='bbox 1366 2859 1486 2924; x_wconf 88' lang='lat' dir='ltr'>bellum</span> <span class='ocrx_word' id='word_1_185' title='bbox 1501 2859 1534 2935; x_wconf 93' lang='lat' dir='ltr'>is,</span> 
     </span>
     <span class='ocr_line' id='line_1_24' title="bbox 317 2957 1533 3041; baseline -0.002 -17"><span class='ocrx_word' id='word_1_186' title='bbox 317 2960 477 3040; x_wconf 89' lang='lat' dir='ltr'>aquibus</span> <span class='ocrx_word' id='word_1_187' title='bbox 507 2959 644 3023; x_wconf 87' lang='lat' dir='ltr'>iniurias</span> <span class='ocrx_word' id='word_1_188' title='bbox 670 2957 773 3024; x_wconf 85' lang='lat' dir='ltr'>iactas</span> <span class='ocrx_word' id='word_1_189' title='bbox 795 2959 952 3040; x_wconf 85' lang='lat' dir='ltr'>sciebant,</span> <span class='ocrx_word' id='word_1_190' title='bbox 985 2959 1112 3024; x_wconf 89' lang='lat' dir='ltr'>fetiales</span> <span class='ocrx_word' id='word_1_191' title='bbox 1138 2960 1265 3041; x_wconf 87' lang='lat' dir='ltr'>legatos</span> <span class='ocrx_word' id='word_1_192' title='bbox 1287 2977 1339 3024; x_wconf 90' lang='lat' dir='ltr'>res</span> <span class='ocrx_word' id='word_1_193' title='bbox 1361 2961 1533 3040; x_wconf 88' lang='lat' dir='ltr'>repetitum</span> 
     </span>
     <span class='ocr_line' id='line_1_25' title="bbox 315 3053 1534 3143; baseline -0.001 -19"><span class='ocrx_word' id='word_1_194' title='bbox 315 3061 490 3126; x_wconf 88' lang='lat' dir='ltr'>mittebant</span> <span class='ocrx_word' id='word_1_195' title='bbox 524 3065 692 3141; x_wconf 88' lang='lat' dir='ltr'>quattuor,</span> <span class='ocrx_word' id='word_1_196' title='bbox 723 3078 803 3143; x_wconf 90' lang='lat' dir='ltr'>quos</span> <span class='ocrx_word' id='word_1_197' title='bbox 836 3053 981 3126; x_wconf 86' lang='lat' dir='ltr'>oratores</span> <span class='ocrx_word' id='word_1_198' title='bbox 1012 3059 1193 3126; x_wconf 66' lang='lat' dir='ltr'>vocabant?</span> <span class='ocrx_word' id='word_1_199' title='bbox 1236 3061 1327 3126; x_wconf 91' lang='lat' dir='ltr'>Idem</span> <span class='ocrx_word' id='word_1_200' title='bbox 1356 3062 1377 3125; x_wconf 94' lang='lat' dir='ltr'>l.</span> <span class='ocrx_word' id='word_1_201' title='bbox 1400 3061 1462 3127; x_wconf 91' lang='lat' dir='ltr'>III:</span> <span class='ocrx_word' id='word_1_202' title='bbox 1493 3059 1534 3124; x_wconf 87' lang='lat' dir='ltr'>‘Si</span> 
     </span>
    </p>
   </div>
   <div class='ocr_carea' id='block_1_6' title="bbox 222 3156 1534 3245">
    <p class='ocr_par' dir='ltr' id='par_1_9' title="bbox 222 3156 1534 3245">
     <span class='ocr_line' id='line_1_26' title="bbox 222 3156 1534 3245; baseline -0.003 -17"><span class='ocrx_word' id='word_1_203' title='bbox 222 3156 224 3159; x_wconf 69' lang='grc'><strong>’</strong></span> <span class='ocrx_word' id='word_1_204' title='bbox 316 3164 407 3228; x_wconf 88' lang='lat' dir='ltr'>cuius</span> <span class='ocrx_word' id='word_1_205' title='bbox 424 3163 526 3244; x_wconf 82' lang='lat' dir='ltr'>legati</span> <span class='ocrx_word' id='word_1_206' title='bbox 543 3161 655 3227; x_wconf 90' lang='lat' dir='ltr'>violati</span> <span class='ocrx_word' id='word_1_207' title='bbox 675 3167 789 3243; x_wconf 88' lang='lat' dir='ltr'>essent,</span> <span class='ocrx_word' id='word_1_208' title='bbox 809 3165 866 3245; x_wconf 86' lang='lat' dir='ltr'>qut</span> <span class='ocrx_word' id='word_1_209' title='bbox 881 3164 915 3228; x_wconf 93' lang='lat' dir='ltr'>id</span> <span class='ocrx_word' id='word_1_210' title='bbox 933 3160 1095 3242; x_wconf 86' lang='lat' dir='ltr'>iecissent,</span> <span class='ocrx_word' id='word_1_211' title='bbox 1114 3163 1261 3244; x_wconf 87' lang='lat' dir='ltr'>quamvis</span> <span class='ocrx_word' id='word_1_212' title='bbox 1278 3163 1534 3240; x_wconf 84' lang='lat' dir='ltr'>nobilesessent,</span> 
     </span>
    </p>
   </div>
   <div class='ocr_carea' id='block_1_7' title="bbox 312 3263 1538 4162">
    <p class='ocr_par' dir='ltr' id='par_1_10' title="bbox 313 3263 1535 3548">
     <span class='ocr_line' id='line_1_27' title="bbox 316 3263 1535 3348; baseline -0.004 -20"><span class='ocrx_word' id='word_1_213' title='bbox 316 3265 367 3328; x_wconf 89' lang='lat' dir='ltr'>uti</span> <span class='ocrx_word' id='word_1_214' title='bbox 390 3265 586 3329; x_wconf 86' lang='lat' dir='ltr'>dederentur</span> <span class='ocrx_word' id='word_1_215' title='bbox 609 3265 742 3344; x_wconf 88' lang='lat' dir='ltr'>civitati,</span> <span class='ocrx_word' id='word_1_216' title='bbox 766 3271 962 3345; x_wconf 85' lang='lat' dir='ltr'>statuerunt,</span> <span class='ocrx_word' id='word_1_217' title='bbox 985 3263 1175 3348; x_wconf 87' lang='lat' dir='ltr'>fetialesque</span> <span class='ocrx_word' id='word_1_218' title='bbox 1197 3265 1323 3346; x_wconf 83' lang='lat' dir='ltr'>viginti,</span> <span class='ocrx_word' id='word_1_219' title='bbox 1347 3267 1403 3346; x_wconf 91' lang='lat' dir='ltr'>qui</span> <span class='ocrx_word' id='word_1_220' title='bbox 1427 3267 1465 3330; x_wconf 91' lang='lat' dir='ltr'>de</span> <span class='ocrx_word' id='word_1_221' title='bbox 1487 3263 1535 3326; x_wconf 92' lang='lat' dir='ltr'>bis</span> 
     </span>
     <span class='ocr_line' id='line_1_28' title="bbox 314 3366 1534 3450; baseline -0.002 -22"><span class='ocrx_word' id='word_1_222' title='bbox 314 3366 411 3430; x_wconf 90' lang='lat' dir='ltr'>rebus</span> <span class='ocrx_word' id='word_1_223' title='bbox 435 3372 664 3448; x_wconf 82' lang='lat' dir='ltr'>cognoscerent</span> <span class='ocrx_word' id='word_1_224' title='bbox 686 3367 867 3432; x_wconf 85' lang='lat' dir='ltr'>iudicarent</span> <span class='ocrx_word' id='word_1_225' title='bbox 891 3372 925 3431; x_wconf 90' lang='lat' dir='ltr'>et</span> <span class='ocrx_word' id='word_1_226' title='bbox 947 3367 977 3430; x_wconf 89' lang='lat' dir='ltr'>st</span> <span class='ocrx_word' id='word_1_227' title='bbox 1000 3371 1140 3446; x_wconf 84' lang='lat' dir='ltr'>tuerent,</span> <span class='ocrx_word' id='word_1_228' title='bbox 1163 3367 1420 3432; x_wconf 62' lang='lat' dir='ltr'>constituerant?</span> <span class='ocrx_word' id='word_1_229' title='bbox 1452 3367 1534 3450; x_wconf 76' lang='lat' dir='ltr'>(Fac.</span> 
     </span>
     <span class='ocr_line' id='line_1_29' title="bbox 313 3465 603 3548; baseline 0.01 -21"><span class='ocrx_word' id='word_1_230' title='bbox 313 3491 336 3528; x_wconf 87' lang='lat' dir='ltr'>c.</span> <span class='ocrx_word' id='word_1_231' title='bbox 374 3465 483 3548; x_wconf 83' lang='lat' dir='ltr'>Orare.)</span> <span class='ocrx_word' id='word_1_232' title='bbox 528 3471 603 3532; x_wconf 78' lang='lat'><strong><em>362.</em></strong></span> 
     </span>
    </p>

    <p class='ocr_par' dir='ltr' id='par_1_11' title="bbox 312 3569 1538 4162">
     <span class='ocr_line' id='line_1_30' title="bbox 312 3569 1535 3653; baseline 0 -21"><span class='ocrx_word' id='word_1_233' title='bbox 312 3569 489 3650; x_wconf 84' lang='lat' dir='ltr'>Iurgium</span> <span class='ocrx_word' id='word_1_234' title='bbox 512 3569 616 3633; x_wconf 86' lang='lat' dir='ltr'>levior</span> <span class='ocrx_word' id='word_1_235' title='bbox 638 3588 690 3633; x_wconf 91' lang='lat' dir='ltr'>res</span> <span class='ocrx_word' id='word_1_236' title='bbox 713 3571 891 3648; x_wconf 64' lang='lat' dir='ltr'>esttinter</span> <span class='ocrx_word' id='word_1_237' title='bbox 908 3570 1073 3635; x_wconf 87' lang='lat' dir='ltr'>benivolos</span> <span class='ocrx_word' id='word_1_238' title='bbox 1092 3575 1151 3635; x_wconf 91' lang='lat' dir='ltr'>aut</span> <span class='ocrx_word' id='word_1_239' title='bbox 1169 3571 1365 3653; x_wconf 89' lang='lat' dir='ltr'>propinquos</span> <span class='ocrx_word' id='word_1_240' title='bbox 1384 3570 1535 3637; x_wconf 91' lang='lat' dir='ltr'>dissensio</span> 
     </span>
     <span class='ocr_line' id='line_1_31' title="bbox 312 3671 1534 3753; baseline -0.001 -20"><span class='ocrx_word' id='word_1_241' title='bbox 312 3672 363 3739; x_wconf 88' lang='lat' dir='ltr'>vel</span> <span class='ocrx_word' id='word_1_242' title='bbox 395 3671 600 3736; x_wconf 88' lang='lat' dir='ltr'>concertatio</span> <span class='ocrx_word' id='word_1_243' title='bbox 623 3692 680 3751; x_wconf 88' lang='grc'>-;</span> <span class='ocrx_word' id='word_1_244' title='bbox 703 3673 789 3736; x_wconf 89' lang='lat' dir='ltr'>inter</span> <span class='ocrx_word' id='word_1_245' title='bbox 814 3671 960 3736; x_wconf 88' lang='lat' dir='ltr'>inimicos</span> <span class='ocrx_word' id='word_1_246' title='bbox 990 3672 1146 3736; x_wconf 88' lang='lat' dir='ltr'>dissensio</span> <span class='ocrx_word' id='word_1_247' title='bbox 1177 3671 1225 3737; x_wconf 91' lang='lat' dir='ltr'>lis</span> <span class='ocrx_word' id='word_1_248' title='bbox 1255 3674 1449 3753; x_wconf 87' lang='lat' dir='ltr'>appellatur.</span> <span class='ocrx_word' id='word_1_249' title='bbox 1493 3671 1534 3736; x_wconf 88' lang='lat' dir='ltr'>M.</span> 
     </span>
     <span class='ocr_line' id='line_1_32' title="bbox 313 3771 1536 3854; baseline -0.001 -18"><span class='ocrx_word' id='word_1_250' title='bbox 313 3771 437 3838; x_wconf 84' lang='lat' dir='ltr'>Tullius</span> <span class='ocrx_word' id='word_1_251' title='bbox 461 3775 500 3837; x_wconf 92' lang='lat' dir='ltr'>de</span> <span class='ocrx_word' id='word_1_252' title='bbox 523 3791 591 3854; x_wconf 88' lang='lat' dir='ltr'>rep.</span> <span class='ocrx_word' id='word_1_253' title='bbox 614 3773 636 3836; x_wconf 95' lang='lat' dir='ltr'>l.</span> <span class='ocrx_word' id='word_1_254' title='bbox 660 3771 738 3837; x_wconf 85' lang='lat' dir='ltr'>llll:</span> <span class='ocrx_word' id='word_1_255' title='bbox 770 3773 921 3837; x_wconf 81' lang='lat' dir='ltr'>‘admiror</span> <span class='ocrx_word' id='word_1_256' title='bbox 947 3791 1006 3837; x_wconf 90' lang='lat' dir='ltr'>nec</span> <span class='ocrx_word' id='word_1_257' title='bbox 1027 3790 1136 3837; x_wconf 86' lang='lat' dir='ltr'>rerum</span> <span class='ocrx_word' id='word_1_258' title='bbox 1164 3773 1266 3838; x_wconf 91' lang='lat' dir='ltr'>solum</span> <span class='ocrx_word' id='word_1_259' title='bbox 1289 3775 1346 3840; x_wconf 92' lang='lat' dir='ltr'>sed</span> <span class='ocrx_word' id='word_1_260' title='bbox 1367 3773 1536 3840; x_wconf 90' lang='lat' dir='ltr'>verborum</span> 
     </span>
     <span class='ocr_line' id='line_1_33' title="bbox 312 3864 1537 3958; baseline -0.002 -20"><span class='ocrx_word' id='word_1_261' title='bbox 312 3875 411 3939; x_wconf 87' lang='lat' dir='ltr'>etiarn</span> <span class='ocrx_word' id='word_1_262' title='bbox 446 3864 655 3954; x_wconf 81' lang='lat' dir='ltr'>elegantiam:</span> <span class='ocrx_word' id='word_1_263' title='bbox 688 3875 727 3938; x_wconf 80' lang='lat' dir='ltr'>‘si</span> <span class='ocrx_word' id='word_1_264' title='bbox 762 3873 917 3956; x_wconf 83' lang='lat' dir='ltr'>iurgant&#39;,</span> <span class='ocrx_word' id='word_1_265' title='bbox 949 3875 1055 3958; x_wconf 90' lang='lat' dir='ltr'>inquit</span> <span class='ocrx_word' id='word_1_266' title='bbox 1087 3873 1173 3956; x_wconf 85' lang='lat' dir='ltr'>(XII,</span> <span class='ocrx_word' id='word_1_267' title='bbox 1190 3885 1217 3952; x_wconf 76' lang='lat' dir='ltr'>r,</span> <span class='ocrx_word' id='word_1_268' title='bbox 1234 3875 1279 3958; x_wconf 83' lang='lat'>5),·</span> <span class='ocrx_word' id='word_1_269' title='bbox 1312 3877 1537 3942; x_wconf 87' lang='lat' dir='ltr'>benevolorum</span> 
     </span>
     <span class='ocr_line' id='line_1_34' title="bbox 312 3975 1538 4060; baseline -0.003 -20"><span class='ocrx_word' id='word_1_270' title='bbox 312 3976 520 4053; x_wconf 85' lang='lat' dir='ltr'>concertatio,</span> <span class='ocrx_word' id='word_1_271' title='bbox 543 3993 607 4040; x_wconf 93' lang='lat' dir='ltr'>non</span> <span class='ocrx_word' id='word_1_272' title='bbox 629 3977 669 4041; x_wconf 91' lang='lat' dir='ltr'>lis</span> <span class='ocrx_word' id='word_1_273' title='bbox 692 3976 902 4056; x_wconf 89' lang='lat' dir='ltr'>inimicorum,</span> <span class='ocrx_word' id='word_1_274' title='bbox 926 3978 1066 4059; x_wconf 86' lang='lat' dir='ltr'>iurgium</span> <span class='ocrx_word' id='word_1_275' title='bbox 1088 3978 1228 4044; x_wconf 87' lang='lat' dir='ltr'>dicitur.’</span> <span class='ocrx_word' id='word_1_276' title='bbox 1255 3978 1299 4042; x_wconf 84' lang='lat' dir='ltr'>Et</span> <span class='ocrx_word' id='word_1_277' title='bbox 1320 3979 1354 4042; x_wconf 90' lang='lat' dir='ltr'>in</span> <span class='ocrx_word' id='word_1_278' title='bbox 1377 3975 1538 4060; x_wconf 88' lang='lat' dir='ltr'>sequenti:</span> 
     </span>
     <span class='ocr_line' id='line_1_35' title="bbox 314 4075 1466 4162; baseline 0.003 -22"><span class='ocrx_word' id='word_1_279' title='bbox 314 4077 453 4158; x_wconf 80' lang='lat' dir='ltr'>‘iurgare</span> <span class='ocrx_word' id='word_1_280' title='bbox 475 4077 577 4158; x_wconf 83' lang='lat' dir='ltr'>igitur</span> <span class='ocrx_word' id='word_1_281' title='bbox 598 4077 650 4142; x_wconf 82' lang='lat' dir='ltr'>lex</span> <span class='ocrx_word' id='word_1_282' title='bbox 673 4083 770 4158; x_wconf 89' lang='lat' dir='ltr'>putat</span> <span class='ocrx_word' id='word_1_283' title='bbox 792 4079 878 4144; x_wconf 89' lang='lat' dir='ltr'>inter</span> <span class='ocrx_word' id='word_1_284' title='bbox 899 4097 934 4144; x_wconf 90' lang='lat' dir='ltr'>se</span> <span class='ocrx_word' id='word_1_285' title='bbox 957 4080 1087 4159; x_wconf 88' lang='lat' dir='ltr'>vicinos,</span> <span class='ocrx_word' id='word_1_286' title='bbox 1101 4075 1173 4145; x_wconf 89' lang='lat' dir='ltr'>&#39;non</span> <span class='ocrx_word' id='word_1_287' title='bbox 1195 4079 1346 4162; x_wconf 65' lang='lat' dir='ltr'>litigare?</span> <span class='ocrx_word' id='word_1_288' title='bbox 1390 4084 1466 4145; x_wconf 77' lang='lat'><em>292.</em></span> 
     </span>
    </p>
   </div>
   <div class='ocr_carea' id='block_1_8' title="bbox 313 4183 516 4192">
    <p class='ocr_par' dir='ltr' id='par_1_12' title="bbox 313 4183 516 4192">
     <span class='ocr_line' id='line_1_36' title="bbox 313 4183 516 4192; baseline 0.005 -2"><span class='ocrx_word' id='word_1_289' title='bbox 313 4183 516 4192; x_wconf 79' lang='grc'>--....---..</span> 
     </span>
    </p>
   </div>
   <div class='ocr_carea' id='block_1_9' title="bbox 386 4181 1540 4280">
    <p class='ocr_par' dir='ltr' id='par_1_13' title="bbox 386 4181 1540 4280">
     <span class='ocr_line' id='line_1_37' title="bbox 386 4181 1540 4280; baseline -0.003 -16"><span class='ocrx_word' id='word_1_290' title='bbox 386 4215 409 4276; x_wconf 88' lang='grc'>1)</span> <span class='ocrx_word' id='word_1_291' title='bbox 428 4212 530 4265; x_wconf 88' lang='lat' dir='ltr'>Nonius</span> <span class='ocrx_word' id='word_1_292' title='bbox 549 4211 756 4279; x_wconf 82' lang='lat' dir='ltr'>grammaticus,</span> <span class='ocrx_word' id='word_1_293' title='bbox 780 4189 925 4266; x_wconf 85' lang='lat' dir='ltr'>Tubursicc</span> <span class='ocrx_word' id='word_1_294' title='bbox 942 4213 971 4266; x_wconf 90' lang='lat' dir='ltr'>in</span> <span class='ocrx_word' id='word_1_295' title='bbox 988 4181 1117 4268; x_wconf 84' lang='lat' dir='ltr'>Numidia¹</span> <span class='ocrx_word' id='word_1_296' title='bbox 1133 4217 1220 4280; x_wconf 89' lang='lat' dir='ltr'>ortus,</span> <span class='ocrx_word' id='word_1_297' title='bbox 1241 4212 1344 4266; x_wconf 82' lang='lat' dir='ltr'>saeculo</span> <span class='ocrx_word' id='word_1_298' title='bbox 1363 4213 1405 4266; x_wconf 89' lang='lat'>111</span> <span class='ocrx_word' id='word_1_299' title='bbox 1422 4212 1540 4266; x_wconf 81' lang='lat' dir='ltr'>floruisse</span> 
     </span>
    </p>
   </div>
   <div class='ocr_carea' id='block_1_10' title="bbox 313 4279 1631 4366">
    <p class='ocr_par' dir='ltr' id='par_1_14' title="bbox 313 4279 1631 4366">
     <span class='ocr_line' id='line_1_38' title="bbox 313 4279 1631 4366; baseline -0.002 -20"><span class='ocrx_word' id='word_1_300' title='bbox 313 4295 432 4350; x_wconf 83' lang='lat' dir='ltr'>videtur.</span> <span class='ocrx_word' id='word_1_301' title='bbox 467 4295 538 4363; x_wconf 88' lang='lat' dir='ltr'>Opus</span> <span class='ocrx_word' id='word_1_302' title='bbox 557 4295 625 4358; x_wconf 87' lang='lat' dir='ltr'>eius,</span> <span class='ocrx_word' id='word_1_303' title='bbox 650 4295 714 4349; x_wconf 88' lang='lat' dir='ltr'>licet</span> <span class='ocrx_word' id='word_1_304' title='bbox 738 4297 845 4364; x_wconf 85' lang='lat' dir='ltr'>ingenio</span> <span class='ocrx_word' id='word_1_305' title='bbox 866 4297 1007 4358; x_wconf 78' lang='lat' dir='ltr'>admodum</span> <span class='ocrx_word' id='word_1_306' title='bbox 1029 4299 1154 4353; x_wconf 86' lang='lat' dir='ltr'>mediocri</span> <span class='ocrx_word' id='word_1_307' title='bbox 1179 4299 1216 4351; x_wconf 89' lang='lat' dir='ltr'>sit</span> <span class='ocrx_word' id='word_1_308' title='bbox 1234 4279 1425 4366; x_wconf 79' lang='lat' dir='ltr'>conscriptum,</span> <span class='ocrx_word' id='word_1_309' title='bbox 1446 4293 1540 4349; x_wconf 74' lang='lat' dir='ltr'>allatis</span> <span class='ocrx_word' id='word_1_310' title='bbox 1630 4313 1631 4322; x_wconf 49' lang='lat'>¹</span> 
     </span>
    </p>
   </div>
   <div class='ocr_carea' id='block_1_11' title="bbox 314 4369 1631 4544">
    <p class='ocr_par' dir='ltr' id='par_1_15' title="bbox 314 4369 1631 4544">
     <span class='ocr_line' id='line_1_39' title="bbox 314 4369 1631 4450; baseline 0 -20"><span class='ocrx_word' id='word_1_311' title='bbox 314 4379 405 4434; x_wconf 88' lang='lat' dir='ltr'>tamen</span> <span class='ocrx_word' id='word_1_312' title='bbox 422 4382 542 4432; x_wconf 85' lang='lat' dir='ltr'>veterum</span> <span class='ocrx_word' id='word_1_313' title='bbox 562 4380 721 4448; x_wconf 86' lang='lat' dir='ltr'>scriptorum</span> <span class='ocrx_word' id='word_1_314' title='bbox 739 4380 805 4434; x_wconf 90' lang='lat' dir='ltr'>locis</span> <span class='ocrx_word' id='word_1_315' title='bbox 822 4381 894 4436; x_wconf 89' lang='lat' dir='ltr'>haud</span> <span class='ocrx_word' id='word_1_316' title='bbox 911 4382 987 4450; x_wconf 86' lang='lat' dir='ltr'>parvi</span> <span class='ocrx_word' id='word_1_317' title='bbox 1004 4383 1080 4436; x_wconf 89' lang='lat' dir='ltr'>nobis</span> <span class='ocrx_word' id='word_1_318' title='bbox 1097 4385 1139 4436; x_wconf 87' lang='lat' dir='ltr'>est</span> <span class='ocrx_word' id='word_1_319' title='bbox 1157 4382 1292 4436; x_wconf 87' lang='lat' dir='ltr'>momenti.</span> <span class='ocrx_word' id='word_1_320' title='bbox 1311 4381 1458 4435; x_wconf 85' lang='lat' dir='ltr'>Novissime</span> <span class='ocrx_word' id='word_1_321' title='bbox 1468 4379 1537 4432; x_wconf 80' lang='lat' dir='ltr'>Non.</span> <span class='ocrx_word' id='word_1_322' title='bbox 1630 4369 1631 4392; x_wconf 78' lang='lat'>³</span> 
     </span>
     <span class='ocr_line' id='line_1_40' title="bbox 314 4461 1631 4544; baseline -0.001 -28"><span class='ocrx_word' id='word_1_323' title='bbox 314 4463 583 4518; x_wconf 72' lang='lat' dir='ltr'>edideruntGerlaob</span> <span class='ocrx_word' id='word_1_324' title='bbox 602 4464 798 4529; x_wconf 70' lang='lat' dir='ltr'>anormala,</span> <span class='ocrx_word' id='word_1_325' title='bbox 817 4483 881 4535; x_wconf 89' lang='lat' dir='ltr'>quos</span> <span class='ocrx_word' id='word_1_326' title='bbox 898 4467 926 4520; x_wconf 89' lang='lat' dir='ltr'>in</span> <span class='ocrx_word' id='word_1_327' title='bbox 944 4467 1077 4536; x_wconf 84' lang='lat' dir='ltr'>plerisque</span> <span class='ocrx_word' id='word_1_328' title='bbox 1088 4471 1194 4522; x_wconf 88' lang='lat' dir='ltr'>secutus</span> <span class='ocrx_word' id='word_1_329' title='bbox 1212 4481 1270 4519; x_wconf 88' lang='lat' dir='ltr'>snm</span> <span class='ocrx_word' id='word_1_330' title='bbox 1280 4466 1387 4534; x_wconf 84' lang='lat' dir='ltr'>paginis</span> <span class='ocrx_word' id='word_1_331' title='bbox 1396 4461 1537 4518; x_wconf 79' lang='lat' dir='ltr'>adnotetis.</span> <span class='ocrx_word' id='word_1_332' title='bbox 1630 4509 1631 4544; x_wconf 36' lang='lat'>3</span> 
     </span>
    </p>
   </div>
   <div class='ocr_carea' id='block_1_12' title="bbox 0 0 1668 5356">
    <p class='ocr_par' dir='ltr' id='par_1_16' title="bbox 0 0 1668 5356">
     <span class='ocr_line' id='line_1_41' title="bbox 0 0 1668 5356; baseline 0 0"><span class='ocrx_word' id='word_1_333' title='bbox 0 0 1668 5356; x_wconf 95' lang='lat' dir='ltr'> </span> 
     </span>
    </p>
   </div>
  </div>
 </body>
</html>
