3332 5338
563 446 626 502 Iura
644 448 831 516 sepulcrorum.
1245 448 1308 512 213

75 619 166 684 mihi
192 619 328 699 statuit,
360 637 444 699 quae
466 619 586 683 iudicio
608 620 669 684 viri
694 620 743 684 sui
770 637 809 682 ex
832 619 1026 698 patrimonio
1051 619 1055 701 )
1074 639 1144 685 meo
1167 621 1314 702 cepisset,

72 728 115 786 ut
142 740 201 801 ea,
225 724 318 786 ussu1
334 709 398 784 'suo
422 721 594 799 custodita,
617 721 812 802 proprietati
833 737 926 783 meae
948 717 1235 802 restiltuerentur.²

379 991 489 1070 ΙΧΙΙΙ.
536 990 641 1055 IURA
672 990 1016 1076 SEPULCRORUM.³

399 1141 425 1206 1.
468 1142 770 1209 Prohibitiones
792 1143 1012 1210 alienandi.

182 1279 225 1344 1.⁴
248 1277 339 1362 D(is)
361 1277 554 1362 M(anibus).
600 1278 636 1345 A.
654 1277 791 1344 Larcius
812 1279 954 1346 Adiutor
977 1278 1054 1344 fecit
1077 1284 1319 1344 monumentum

84 1382 152 1447 sibi
176 1381 244 1446 suis
266 1381 393 1446 libertis
415 1380 660 1462 libertabusque
682 1382 886 1462 posterisque
916 1380 1056 1447 eorum.⁵
1098 1381 1168 1446 Hoc
1190 1379 1319 1464 m(ouu·

82 1483 248 1564 mentum)
271 1487 343 1547 veto
365 1483 477 1561 veniri,
500 1488 576 1546 veto
600 1483 723 1548 donari.

172 1582 441 1665 2.⁶-boc*mon.
467 1601 539 1648 cum
563 1581 710 1648 aedilicio
733 1603 837 1666 neque
860 1586 1043 1650 mutabitur
1065 1602 1169 1665 neque
1191 1584 1320 1648 vaeniet

83 1704 193 1768 neque
224 1686 399 1750 donabitur
429 1703 532 1766 neque
559 1685 686 1766 pignori
717 1685 930 1768 obligabitur,
963 1687 1019 1752 sed
1045 1704 1104 1751 nec
1131 1686 1197 1750 ullo
1226 1686 1320 1750 modo

83 1788 345 1867 abalienabitur‚
368 1805 408 1870 ne
431 1787 471 1850 de
489 1787 617 1850 nomine
640 1793 734 1851 exeat
756 1786 896 1852 familiae
920 1806 1002 1852 suae.

172 1887 218 1950 35
233 1923 276 1934 -
294 1887 444 1952 lecerunt
467 1889 530 1954 sibi
554 1893 587 1951 et
611 1889 678 1952 suis
700 1887 826 1952 libertis
848 1888 1093 1969 libertabusque
1116 1888 1319 1970 posterisque

85 2009 208 2070 eorum,
231 1995 269 2052 ut
294 2008 401 2070 usque
423 1991 466 2054 ad
489 2007 589 2070 unum
609 2007 646 2053 ex
665 1989 758 2054 domo
777 2007 888 2053 eorum
906 1990 962 2070 qui
980 1990 1126 2053 extiterit
1144 1990 1320 2070 possideat,

85 2111 127 2156 ne
150 2098 186 2154 at
208 2097 357 2154 exterum
380 2090 555 2170 perveniat.

178 2191 226 2256 4.⁸
248 2227 291 2236 -
313 2189 390 2256 fecit
417 2192 622 2273 Terentiasset
649 2191 768 2256 sibiet
797 2192 865 2256 suis
896 2191 1098 2272 posterisque
1130 2209 1241 2256 eorum
1263 2192 1319 2271 ita,

87 2313 129 2358 ne
148 2296 198 2359 de·
210 2293 337 2358 nomine
363 2293 559 2359 libertorum
580 2293 813 2358 libertorumve
830 2311 972 2356 meorum
992 2293 1193 2389 posterisque
1209 2311 1319 2358 eorum

91 2402 195 2461 exeat
1017 2415 1021 2421 ·

179 2497 225 2564 br
247 2534 290 2544 -
313 2497 430 2576 uxlori)
455 2531 496 2542 ·-
533 2496 619 2576 (ecit)
649 2501 682 2560 et
705 2496 790 2576 stibi)
820 2495 953 2575 vlivus),
982 2496 1104 2576 inqlue)
1133 2497 1320 2561 memoriam

91 2607 282 2680 perpetuam
306 2599 416 2664 hortos
439 2598 627 2664 coherentes
658 2598 725 2662 sive
753 2597 972 2663 suburbanum
1002 2596 1140 2662 tradidit
1167 2597 1318 2678 liblertis)

91 2701 333 2782 libertabusque
365 2720 402 2766 ex
433 2699 557 2766 familia
589 2701 740 2780 uxloris),
763 2735 806 2745 —
829 2700 1064 2781 excepitque),
1096 2701 1233 2782 nequis
1265 2718 1318 2765 eos

92 2804 260 2881 venderet,
293 2809 343 2866 set
365 2821 423 2882 per
446 2822 547 2884 genus
570 2803 712 2882 ipsorum
736 2803 879 2884 posessio
903 2803 1090 2869 decurreret
1117 2803 1168 2867 vel
1191 2821 1249 2884 per
1270 2807 1320 2867 at·

94 2911 187 2968 natos
209 2906 261 2968 vel
281 2906 504 2970 manumissos.

179 3003 240 3065 6.¹⁰
262 3041 303 3048 -
325 3005 359 3068 bi
389 3005 474 3068 borti
501 3007 548 3070 ita
575 3005 625 3069 uti
655 3007 793 3086 optlimi)
817 3007 1014 3086 maximique
1039 3011 1128 3084 sunt,
1159 3006 1318 3070 cineribus

96 3106 234 3168 serviant
256 3106 346 3184 meis,
371 3105 493 3169 —hos
515 3124 620 3188 neque
642 3107 741 3170 dividi
765 3125 869 3189 neque
893 3107 1027 3170 alienari
1049 3107 1130 3172 uolo,

181 3205 239 3272 7.ss
261 3241 304 3252 -
327 3225 367 3268 ne
389 3212 516 3285 veneat,
538 3226 578 3271 ne
600 3205 754 3272 fiduciare
775 3207 881 3287 liceat,
900 3225 959 3270 nec
978 3209 1017 3272 de
1032 3209 1159 3272 nomine
1176 3209 1263 3272 exire
1281 3208 1319 3272 li·

97 3313 167 3372 ceat
188 3309 363 3372 secundum
390 3309 567 3372 sententias
589 3306 776 3388 pontificum
799 3314 853 3372 etc.

165 3478 188 3542 1)
208 3477 226 3530 i.
250 3491 274 3530 e.
298 3489 355 3527 usu.
379 3503 411 3510 -
436 3475 462 3538 2)
481 3473 532 3538 Qui
551 3479 696 3542 sequuntur
714 3491 754 3528 rr.
774 3473 853 3528 XVII
871 3473 955 3528 omisi.
975 3505 1008 3514 -—
1027 3477 1054 3541 3)
1074 3475 1262 3545 Inscriptiones
1280 3493 1319 3530 se·

100 3561 228 3629 pulcrales
252 3575 311 3612 oum
331 3559 451 3624 singulae
470 3559 541 3611 tanti
558 3559 686 3612 momenti
703 3558 857 3627 plerumque
875 3577 927 3614 non
946 3561 1014 3627 sint,
1039 3565 1071 3614 nt
1089 3562 1130 3614 ius
1148 3577 1179 3615 ex
1197 3561 1231 3614 iis
1249 3577 1318 3615 com·

100 3645 201 3712 probari
218 3645 310 3712 possit,
328 3643 482 3696 coniunctae
501 3659 561 3696 vero
580 3644 711 3696 communi
729 3647 856 3698 concentu
874 3646 929 3698 vim
947 3647 1158 3714 qualemqualem
1169 3645 1317 3712 obtineant,

104 3730 252 3798 ampliorem
271 3729 372 3796 copiam
390 3728 518 3795 congessi,
537 3729 640 3780 omissis
657 3731 747 3782 tamen
767 3746 833 3796 quae
851 3729 885 3782 ad
902 3731 943 3782 ius
962 3747 1013 3784 non
1032 3731 1259 3798 spectantverbis.
1278 3730 1319 3786 Ol.

101 3815 222 3876 Intbbert
240 3814 472 3868 commentationes
485 3813 655 3880 pontificales
664 3830 694 3881 p,
709 3816 827 3880 54-70;
844 3814 901 3869 Mo.
912 3813 1080 3869 Stactarecbt
1096 3819 1124 3885 2,
1141 3819 1192 3882 66,·
1209 3816 1266 3869 Ha.
1276 3815 1319 3870 die

101 3899 187 3954 Multa
204 3903 263 3952 315.
283 3928 316 3938 -
333 3899 361 3965 4)
380 3899 485 3952 Romae.
523 3897 569 3951 Or.
587 3901 665 3950 1388.
702 3895 810 3966 Integer
827 3899 871 3952 bic
888 3899 986 3952 titulus
1005 3904 1054 3955 est.
1073 3929 1106 3939 -
1121 3901 1148 3967 5)
1157 3899 1255 3954 Omnes
1265 3901 1319 3954 iere

103 3985 144 4050 qui
156 3987 304 4052 sequuntur
318 3983 395 4037 tituli
408 3985 456 4036 aut
469 3981 560 4036 liberis
579 3987 626 4037 aut
637 3983 741 4036 libertis
755 3986 802 4036 ant
817 3985 937 4052 utrisque
945 3985 1108 4052 posterisque
1118 4002 1207 4039 eorum
1225 3985 1318 4053 scripti

101 4073 165 4135 sunt,
181 4070 251 4122 iuter
265 4083 331 4136 quos
343 4067 371 4120 id
380 4069 488 4119 tantum
497 4066 595 4132 differt,
614 4067 682 4136 quod
700 4067 777 4121 liberi
788 4068 828 4120 ius
847 4069 992 4137 sepeliendi
1010 4069 1120 4137 habent,
1134 4070 1189 4124 sire
1207 4069 1318 4124 heredes

102 4155 165 4220 patri
184 4153 339 4208 exstiterint
358 4152 413 4204 eive
431 4168 458 4202 se
477 4152 665 4220 abstinuerint,
685 4153 776 4206 liberti
794 4156 884 4206 autom
902 4170 954 4207 non
972 4155 1060 4218 aliter,
1079 4155 1139 4208 ‘nisi
1157 4154 1265 4208 heredes
1275 4171 1318 4208 ex-

102 4237 203 4292 titerint
225 4241 348 4306 patrono,
371 4237 492 4304 quamvis
516 4237 624 4305 quidam
641 4238 838 4304 inscripserint,
861 4243 1061 4292 monumentum
1085 4239 1137 4292 sibi
1160 4239 1316 4308 libert-isque

104 4321 151 4374 suis
172 4323 283 4377 fecisse*
318 4322 355 4376 D.
374 4326 417 4388 11,
439 4324 462 4376 7.
488 4325 513 4374 6.
532 4351 565 4360 -
583 4324 610 4387 6)
627 4323 735 4375 Romae.
774 4321 819 4376 Or.
838 4325 915 4376 4386.
933 4353 967 4362 —-
986 4325 1011 4390 7)
1029 4324 1134 4377 Itomae.
1173 4323 1219 4378 Or.
1238 4327 1315 4378 4403.

104 4409 171 4469 ——at
191 4408 302 4460 invilla
321 4406 454 4460 Pelucchi.
492 4407 537 4461 Or.
556 4411 632 4461 4387.
654 4437 683 4446 -
703 4407 729 4472 9)
749 4406 895 4461 Cordubae.
933 4408 961 4462 O.
980 4409 1003 4460 Ι.
1024 4408 1056 4462 L.
1075 4412 1102 4472 2,
1121 4411 1174 4462 583
1191 4425 1217 4462 rt.
1235 4411 1315 4464 4332.

104 4518 133 4528 -
149 4493 189 4544 tot
204 4493 405 4547 Montislerrati.
426 4492 471 4546 Or.
487 4497 562 4547 4417,
578 4523 611 4532 -
627 4495 669 4558 11)
680 4493 785 4548 Rornae.
806 4493 852 4548 Or.
867 4496 942 4550 7331.
