3328 5356
668 445 791 500 Isidorus.
1281 442 1344 506 303

170 575 179 581 ⁶
202 617 253 698 27,
275 615 326 684 23.
371 617 431 684 Est
453 623 486 684 et
507 618 692 682 lautumna¹
722 614 872 696 supplicii
900 632 999 698 genus
1022 614 1064 678 ad
1094 573 1345 678 verberandum²

116 729 240 804 aptum,
263 722 433 786 inventum
456 739 474 785 a
498 719 675 800 Tarquinio
698 719 846 800 Superbo
868 751 918 782 -.
963 717 1030 782 Iste
1053 718 1139 782 enim
1161 716 1250 796 prior
1272 715 1347 794 lau*

1 843 2 896 l
117 820 563 904 tumnas,tormento‚lustes,
577 821 709 888 metalla
728 824 827 902 atque
847 820 942 886 exilia
961 819 1135 884 adinvenit.
1162 814 1214 880 24.
1233 815 1342 881 Talia

1 919 2 978 ἶ
118 932 168 992 est
195 924 370 992 similitudo
397 924 572 1001 vindictae,
600 929 637 987 ut
660 923 773 988 taliter
795 922 867 1002 quis
889 921 1054 1002 patiatur,
1083 925 1120 984 ut
1142 917 1228 984 iecit.
1273 918 1343 982 Hoc

1 1037 2 1049 ²
118 1029 201 1094 enirn
229 1035 261 1092 et
289 1032 409 1091 natura
435 1033 468 1092 et
489 1026 561 1107 lege
584 1026 770 1090 institutum
792 1029 851 1103 est,
874 1027 912 1087 ut
934 1023 1115 1088 laedentem
1137 1020 1251 1086 similis
1274 1021 1342 1083 vin-

1 1151 2 1156 *
118 1131 204 1198 dicta
231 1130 413 1210 sequatur
462 1125 514 1192 28.
537 1127 722 1194 Exilium
747 1161 790 1172 -·
816 1126 970 1192 dividitur
996 1138 1037 1170 -'-
1065 1124 1098 1188 in
1127 1121 1282 1202 relegatis
1309 1127 1343 1186 et

118 1231 308 1313 deportatis
354 1227 404 1294 29.
428 1229 642 1312 Relegatus
665 1235 730 1308 est,
760 1245 856 1310 quem
873 1226 957 1292 bona
978 1244 1038 1290 sua
1061 1228 1254 1306 sequuntur;
1279 1222 1342 1286 de·

117 1339 319 1414 portatus
342 1349 438 1412 quern
460 1351 523 1396 non
547 1336 735 1413 sequuntur.

666 1551 725 1605 Lib.
743 1551 792 1604 IX.

115 1679 126 1698 ²
203 1663 233 1745 2,
258 1665 284 1730 1.
329 1663 431 1729 Gens
450 1669 499 1729 osi
517 1663 691 1730 multitudo
711 1664 752 1728 ab
772 1681 835 1728 uno
855 1665 1013 1746 principio
1032 1666 1113 1746 orta,
1125 1699 1166 1712 -
1181 1665 1343 1747 appellata

116 1773 251 1850 propter
278 1766 502 1847 generationes
528 1763 738 1846 familiarum,
766 1767 784 1828 i.
809 1784 834 1830 e.
859 1785 878 1830 a
900 1767 1076 1846 gignendo,
1106 1768 1187 1832 siout
1213 1761 1301 1831 natio
1324 1786 1343 1831 a

115 1869 286 1934 nascendo.

201 1970 230 2050 3,
254 1968 305 2035 29.
350 1971 516 2035 Tribuni
549 1972 671 2050 vocati,
703 1969 789 2051 quod
815 1968 972 2035 militibus
997 1971 1065 2034 sive
1094 1970 1243 2052 plebibus
1270 1974 1344 2036 iura

114 2075 305 2254 trlbuzntl'g
350 2173 514 2238 Tribuni
532 2209 583 2253 -,
608 2174 695 2255 quod
717 2172 803 2252 plebi
827 2173 876 2236 vel
898 2173 970 2236 iura
993 2172 1043 2237 vel
1065 2190 1158 2254 opem
1176 2174 1341 2252 tribuunt;

1 2283 2 2289 ’
115 2277 257 2341 -dum
281 2276 365 2340 eninr
389 2276 480 2356 plebs
504 2295 523 2340 a
547 2282 661 2340 senatu
685 2280 719 2340 et
741 2275 926 2341 consulibus
948 2280 1160 2356 premeretur,
1177 2281 1254 2340 tuno
1270 2276 1341 2355 ipsa

1 2368 7 2428 l
116 2380 179 2445 sibi
197 2379 346 2442 tribunos
362 2377 457 2459 quasi
473 2379 620 2458 proprios
633 2377 757 2442 iudices
771 2384 804 2442 et
819 2375 1001 2442 defensores
1016 2378 1148 2442 creavit.
1169 2375 1220 2440 db.
1237 2377 1341 2442 Man-

2 2471 9 2532 ἒ
118 2481 284 2560 cipium,
312 2480 464 2561 quicquid
487 2497 586 2543 manu
609 2480 682 2560 capi
705 2480 862 2561 subdique
884 2484 1007 2560 potest,
1035 2485 1073 2546 ut
1094 2479 1199 2557 horno,
1228 2497 1340 2560 equus,

118 2583 194 2648 ovis.
239 2583 327 2648 Haec
354 2583 439 2646 enirn
466 2581 618 2646 animalia
645 2582 758 2646 statim
784 2590 820 2647 ut
846 2588 925 2648 nata
953 2587 1029 2648 sunt
1051 2583 1248 2663 mancipium
1271 2597 1341 2646 esse

115 2690 283 2764 putantur.
327 2683 411 2748 Nam
434 2689 467 2748 et
489 2703 538 2763 ea,
567 2702 650 2765 quae
673 2685 706 2747 in
728 2684 905 2749 bestiarum
928 2702 1061 2749 numero
1084 2689 1172 2763 sunt,
1196 2689 1273 2748 tunc
1294 2684 1341 2746 vi·

1 2816 15 2840 o·
115 2786 233 2850 dentur
247 2785 443 2865 mancipium
463 2805 543 2864 esse,
555 2786 685 2866 quando
701 2786 773 2866 capi
789 2786 856 2850 sive
870 2787 994 2852 domari
1011 2792 1196 2868 coeperunt.
1219 2782 1269 2848 46.
1279 2785 1340 2848 In·

8 2910 16 2942 ι
87 2910 90 2914 ·
113 2887 235 2968 genui
257 2885 346 2962 dicti,
370 2887 425 2964 qui
448 2887 480 2950 in
505 2904 622 2966 genere
644 2886 767 2950 liabent
789 2887 984 2967 libertatem,
1008 2907 1072 2954 non
1090 2890 1124 2953 in
1141 2888 1239 2966 facto,
1257 2889 1342 2952 sicut

17 3029 18 3040 ι
114 2985 241 3061 liberti3
264 2983 350 3048 unde
368 2991 401 3048 et
417 3003 471 3050 eos
483 2985 599 3050 Graeci
618 2981 764 3070 εὐγενεῖς
782 2993 907 3066 vocant,
926 2990 1011 3070 quod
1030 2989 1095 3054 sint
1110 2990 1186 3056 boni
1206 2989 1341 3070 generis.

2 3112 19 3152 ι.
114 3085 167 3151 47.
189 3085 378 3150 Libertus
400 3086 552 3167 —quasi
570 3085 726 3152 liberatus
744 3123 794 3151 -.
831 3087 1038 3156 Libertorum
1056 3096 1164 3156 autem
1180 3089 1237 3154 filii
1254 3090 1342 3169 apud

8 3193 20 3229 ἰ
117 3189 271 3270 antiquos
293 3185 438 3252 libertini
462 3188 721 3268 appellabantur,
746 3189 837 3269 quasi
856 3189 896 3254 de
913 3189 1024 3256 liberis
1043 3193 1122 3256 nati.
1156 3190 1249 3255 Nunc
1266 3209 1343 3254 vero

20 3305 23 3346 2
114 3291 289 3357 libertinus
313 3294 371 3353 aut
393 3309 413 3356 a
434 3289 552 3356 liberto
570 3287 677 3356 factus
695 3295 752 3354 aut
775 3293 967 3370 possessus.4
1010 3288 1061 3352 48.
1085 3291 1343 3357 Mannmissus

9 3410 25 3458 n
115 3394 238 3462 dicitur
261 3391 352 3472 quasi
375 3410 473 3457 manu
495 3391 639 3458 emissus.
684 3392 781 3473 Apud
803 3398 928 3458 veteres
951 3391 1045 3473 enim,
1069 3394 1216 3475 quotiens
1231 3412 1343 3458 monu-

2 3501 27 3565 sl
114 3495 303 3573 mittebant,
322 3493 418 3576 alapa
434 3511 603 3574 percussos
622 3493 883 3576 circumagebant
899 3498 931 3558 et
946 3494 1065 3560 liberos
1083 3493 1344 3562 confirmabant.⁵

114 3593 167 3660 49.
190 3595 388 3662 Dediticii
411 3595 551 3678 primum
570 3614 589 3660 a
613 3594 777 3660 deditione
799 3599 876 3660 sunt
897 3595 1076 3674 nuncupati
1099 3597 1162 3656 ecci
1197 3594 1248 3661 51.
1272 3596 1343 3660 La-

116 3701 198 3766 tini
221 3717 297 3764 uero
321 3704 398 3764 ante
420 3699 556 3764 Romam
580 3698 742 3764 conditam
766 3697 854 3778 apud
875 3695 1008 3762 Latinos
1030 3695 1162 3780 fiebant,
1181 3717 1343 3779 nunquam

5 3937 8 3968 ,
191 3902 216 3966 1)
235 3897 325 3952 Fert:
342 3895 509 3952 ‘Lautumias
527 3927 561 3936 -
578 3914 595 3952 a
613 3897 793 3968 Syracusanis,
811 3896 857 3966 qui
875 3896 1067 3964 λατομίας-
1085 3897 1186 3956 habent
1208 3897 1242 3952 ad
1259 3897 1346 3952 instar

5 3975 12 4046 ¹,
117 3983 247 4038 carceris’.
256 4013 289 4022 —
298 3983 325 4048 2)
336 3981 570 4040 ‘Carcerandum'i
579 4013 612 4022 —
622 3983 648 4050 3)
658 3981 730 4036 Feci.
742 3983 829 4036 Talio.
839 4011 873 4020 -
881 3982 909 4046 4)
919 3980 960 4035 Gi.
971 3979 1045 4036 Suet.
1057 3982 1156 4037 Claud.
1165 3986 1220 4036 24:
1237 3982 1346 4035 ‘Latum

117 4070 226 4123 clevum
244 4096 278 4107 -
296 4069 380 4122 etium
397 4067 518 4123 libertini
535 4067 590 4122 filio
607 4067 720 4132 tribuit;
745 4098 778 4106 —
796 4084 825 4122 ac
840 4066 1094 4135 ..reprehensionem
1111 4084 1213 4134 verens,
1232 4070 1260 4120 et
1278 4065 1346 4133 App.

116 4152 231 4209 Caecum
250 4167 384 4208 censorem
402 4153 640 4208 -libertinorum
665 4153 734 4208 filios
756 4153 784 4206 in
806 4154 930 4208 senatum
950 4151 1084 4219 adlegisse
1102 4151 1202 4217 docuit,
1227 4151 1346 4220 ignarus,
1395 4166 1397 4170 ·

6 4281 19 4326 ς.
116 4235 286 4306 temporibus
303 4239 385 4306 Appii
403 4241 431 4292 ei
449 4237 572 4306 deinceps
591 4237 757 4307 aliquamdiu
775 4235 915 4292 libertinos
933 4236 1018 4294 dictos
1035 4253 1088 4290 non
1106 4235 1184 4304 ipsos,
1202 4238 1247 4305 qui
1266 4250 1347 4289 mauu

7 4327 12 4338 ⁶
39 4387 41 4396 Ι
117 4322 321 4385 emitterentur,
344 4322 390 4376 sed
407 4322 537 4392 ingenuos
559 4339 590 4376 er
608 4324 651 4377 his
669 4318 839 4390 procreatos&
857 4349 892 4360 —
908 4322 934 4386 5)
953 4321 974 4374 Ε
994 4320 1205 4377 coactissimi.
1222 4322 1253 4376 in
1270 4320 1346 4374 Pera.

115 4411 141 4471 5,
161 4409 203 4462 75.
223 4405 255 4458 ci.
268 4403 297 4462 0.
317 4409 343 4473 8,
359 4410 402 4473 49,
412 4410 443 4462 6.·
460 4406 700 4463 circumductiones
717 4405 915 4462 inextricabiles
933 4407 961 4458 et
978 4405 1105 4460 iniuriosa
1121 4404 1347 4476 inspumate&-

115 4494 141 4556 6)
159 4488 293 4551 Coniuse3
312 4505 335 4543 v.
355 4491 417 4545 Gai.
436 4497 462 4558 1,
480 4495 588 4547 13-15.
811 4500 813 4504 '
