3332 5338
300 394 364 460 230
850 388 975 458 Negotia.

301 581 415 646 genses
442 581 512 627 eam
539 563 707 644 pecuniam
727 580 798 626 non
822 561 947 626 dabunt
970 579 1073 641 neque
1101 558 1309 642 satisfacient
1339 557 1525 623 arbitratus

303 665 621 745 Genuatium,'quod
643 682 701 744 per
720 663 906 728 Genuenses
929 658 1049 748 mo[r·]a
1072 681 1135 726 non
1158 661 1225 741 fiat,
1250 681 1312 744 quo
1335 663 1436 727 setius
1455 679 1526 725 eam

301 768 472 848 pequniam
505 766 662 846 acipiunt:
685 769 754 829 tum
778 766 862 846 quod
885 765 918 828 in
947 783 983 829 eo
1011 783 1090 846 agro
1118 761 1122 846 Ι
1149 770 1262 829 natum
1290 764 1353 828 erit
1375 761 1527 826 frumenti

266 911 269 916 -
302 875 428 948 partem
451 868 683 946 vicensumam‚
714 867 780 930 vini
803 872 929 948 partem
954 872 1079 930 sextam
1102 867 1288 948 Langenses
1310 867 1525 946 invpoplicum

303 969 448 1034 Genuam
473 970 550 1033 dare
574 970 713 1034 debento
733 965 738 1052 Ι
758 969 791 1032 in
815 985 914 1051 annos
938 969 1087 1048 singolos.
1275 982 1277 986 ·

343 1105 346 1110 -
386 1069 469 1147 Quoi
485 1072 574 1135 intra
592 1089 647 1135 eos
665 1067 755 1136 fineis
775 1089 888 1150 agrum
908 1069 1182 1150 posedetGenuas
1199 1075 1257 1133 aut
1276 1067 1433 1148 Viturius,
1453 1071 1527 1151 quei

302 1192 412 1240 eorum
435 1173 581 1253 posedeit
603 1171 632 1235 k.
657 1171 856 1262 Sentibibus)
877 1173 912 1236 L.
933 1169 1064 1235 Caioilio
1084 1167 1089 1254 Ι
1108 1169 1144 1246 Q.
1162 1171 1291 1235 Munoio
1311 1188 1383 1250 eos,
1407 1187 1462 1235 eos
1481 1172 1528 1236 ite

303 1277 450 1354 posidere
474 1275 642 1354 coloreque
665 1273 770 1338 liceat.
803 1273 869 1338 -Eis
893 1273 966 1354 quei
989 1273 1192 1353 posidebunt,
1217 1273 1357 1352 vectigal
1379 1272 1527 1354 Langen-

250 1383 290 1436 30.
302 1377 392 1442 sibus
411 1393 469 1456 pro
492 1375 639 1456 portione
662 1375 822 1454 densita,
850 1375 899 1438 uti
922 1375 1022 1440 ceteri
1041 1373 1046 1460 Ι
1066 1375 1261 1456 Langenses,
1285 1375 1339 1456 qui
1362 1392 1473 1438 eorum
1495 1377 1527 1438 in
1581 1431 1584 1439 .

302 1495 339 1541 eo
367 1495 444 1558 agro
475 1495 589 1557 agrum
617 1476 812 1556 posidebunt
838 1475 1059 1557 fruentesque.
1105 1477 1240 1558 Praeter
1268 1495 1305 1540 ea
1331 1475 1425 1540 ineo
1449 1495 1526 1557 agro

231 1592 232 1596 ’
302 1579 335 1642 ni
359 1579 430 1658 quis
453 1579 600 1658 posideto
622 1579 685 1642 nisi
708 1579 747 1642 de
771 1579 890 1642 maiore
914 1584 1007 1658 parte
1036 1581 1041 1651 Ι
1065 1577 1283 1660 Langensium
1306 1577 1525 1641 Veituriorum

304 1679 475 1758 sententia,
496 1680 630 1760 dumne
648 1681 746 1743 elium
767 1680 852 1744 intro
871 1681 967 1744 mitat
985 1681 1048 1744 nisi
1065 1679 1247 1744 Genuatem
1267 1683 1324 1742 aut
1343 1679 1526 1742 Veituriunr

303 1781 427 1845 colendi
452 1799 559 1844 eausa.
606 1781 687 1858 Quoi
711 1801 820 1854 eorum
844 1782 882 1846 de
909 1783 1031 1846 maiore
1060 1786 1155 1862 parte
1179 1781 1183 1862 Ι
1211 1779 1431 1861 Langensium
1455 1781 1527 1846 Vei-

303 1883 425 1946 turium
449 1884 610 1946 sententia
632 1883 680 1946 ita
703 1901 766 1947 non
789 1884 929 1964 parebit,
958 1885 986 1948 is
1009 1901 1082 1946 eum
1106 1902 1220 1964 agrurn
1242 1883 1294 1946 nei
1317 1881 1438 1947 habeto
1456 1885 1526 1947 nire

301 1981 461 2048 fruimino.

388 2085 469 2162 Quei
500 2083 504 2170 Ι
532 2104 610 2166 ager
642 2105 849 2168 compascuos
881 2087 956 2166 erit,
991 2086 1022 2149 in
1054 2105 1091 2150 eo
1119 2105 1196 2168 agro
1229 2087 1399 2168 quominus
1432 2105 1526 2167 pecus

303 2185 465 2269 [p]asoere
493 2187 659 2252 Genuates
682 2189 909 2280 Veituriosque
932 2188 1112 2267 lineatim,
1140 2189 1207 2253 utei
1230 2190 1263 2252 iu
1286 2193 1393 2252 cetero
1417 2207 1497 2270 agro
1522 2230 1523 2268 Ι

302 2287 446 2352 Genuati
467 2307 666 2370 compascuo,
690 2291 723 2354 ni
746 2291 818 2370 quis
841 2289 1019 2370 prohibeto,
1044 2291 1116 2354 nive
1135 2291 1207 2371 quis
1225 2291 1290 2354 vim
1307 2289 1415 2369 facito,
1438 2292 1527 2354 neive

303 2391 473 2471 prohibeto
492 2410 555 2472 quo
574 2383 677 2456 minus
696 2411 734 2456 ex
752 2410 789 2456 eo
809 2410 887 2472 agro
905 2391 995 2472 ligna
1014 2393 1246 2473 materiamque
1266 2391 1270 2476 Ι
1290 2399 1422 2457 sumant
1435 2400 1527 2457 utan-

251 2495 431 2574 ptusque.
1216 2551 1218 2556 .

388 2595 536 2675 Vectigal
563 2595 639 2658 anni
666 2595 762 2674 primi
785 2595 815 2658 k.
839 2594 988 2658 Ianuaris
1011 2597 1160 2661 seeundis
1183 2595 1316 2660 Veturis
1339 2597 1525 2678 Langenses

302 2697 335 2760 in
354 2696 516 2776 pop'lioum
539 2694 684 2759 Genuam
708 2696 786 2760 dare
807 2693 811 2779 Ι
832 2696 976 2761 debente.
999 2695 1092 2772 Quod
1112 2703 1187 2762 ente
1207 2698 1236 2762 k.
1260 2699 1389 2763 Ianuar.
1407 2699 1525 2780 primas

303 2795 489 2877 Langenses
520 2795 618 2860 fructi
646 2803 721 2861 sunt
753 2803 929 2878 eruntque,
962 2800 1103 2880 vectigal
1131 2800 1245 2864 invitei
1277 2800 1354 2864 dare
1386 2801 1440 2864 nei
1475 2801 1525 2864 de·

303 2898 410 2964 bellio.
436 2922 477 2956 <v
502 2897 504 2980 Ι
607 2886 609 2890 V
881 2914 884 2918 '
920 2913 921 2917 ’
1307 2925 1311 2928 ·

388 3000 488 3065 Prata
512 3019 595 3081 quae
617 2999 750 3065 fuerunt
772 3020 929 3082 proxuma
948 2999 1111 3067 faenisicei
1131 3004 1164 3068 L.
1184 2995 1323 3068 Caecilio
1342 3001 1378 3078 Q.
1398 3001 1524 3066 Muueio

304 3119 365 3166 cos.
388 3101 421 3164 in
444 3119 522 3184 agro
546 3103 680 3184 poplieo‚
703 3121 800 3184 quem
818 3102 964 3168 Vituries
982 3103 1167 3185 Langenses
1182 3111 1191 3188 Ι
1212 3105 1362 3186 posident
1381 3110 1414 3168 et
1434 3122 1524 3185 quem

304 3201 438 3267 Odiates
462 3210 494 3276 et
517 3223 611 3286 quem
633 3205 831 3270 Dectunines
855 3211 888 3269 et
911 3224 1006 3287 quem
1029 3205 1252 3271 Cavaturineis
1275 3213 1307 3270 et
1326 3225 1421 3286 quem
1440 3205 1525 3269 Men-

304 3305 428 3370 tovines
451 3307 608 3386 posident
633 3326 672 3372 ea
695 3312 806 3388 prata,
836 3305 840 3390 Ι
864 3308 975 3372 invitis
997 3308 1221 3388 Langensibus
1244 3313 1277 3372 ot
1301 3306 1474 3372 Odiatibus
1496 3313 1526 3368 et

304 3407 547 3473 Dectuninebus
570 3413 603 3472 et
627 3407 842 3474 Cavaturines
865 3415 898 3473 et
916 3410 1127 3490 Mentovines‚
1151 3428 1246 3490 quem
1266 3409 1402 3490 quisque
1419 3426 1526 3472 eorum

253 3513 295 3566 40.
305 3525 418 3596 agrum
439 3507 445 3590 Ι
462 3510 632 3589 posidebit
651 3511 782 3574 inviteis
800 3511 846 3574 eis
855 3511 887 3574 ni
904 3511 977 3592 quis
995 3512 1075 3576 sicet
1087 3513 1160 3575 nive
1176 3515 1290 3592 paseat
1301 3509 1375 3574 nive
1390 3509 1525 3574 fruatur.

304 3608 361 3673 Sei
384 3609 569 3690 Langueses
592 3615 650 3675 aut
672 3611 809 3677 Odiates
833 3618 891 3676 aut
913 3612 1107 3678 Dectunines
1131 3617 1188 3679 aut
1212 3611 1426 3678 Cavaturines
1447 3611 1451 3692 Ι
1472 3615 1526 3675 aut

302 3710 504 3776 Mentovines
527 3713 648 3777 malent
670 3715 703 3777 in
727 3731 763 3778 eo
788 3733 866 3794 agro
891 3715 955 3780 alia
979 3721 1075 3796 prata
1099 3715 1263 3778 inmittere
1287 3712 1458 3778 defendere
1486 3713 1524 3776 si-

304 3830 390 3892 care,
415 3814 448 3878 id
470 3815 518 3878 uti
542 3813 649 3880 faeere
671 3816 783 3895 liceat,
802 3816 882 3880 ‘dum
905 3835 945 3881 ne
968 3817 1154 3898 ampliorem
1180 3817 1184 3898 Ι
1209 3817 1337 3882 modurn
1357 3822 1524 3896 pratorum

249 3991 253 3997 ¹
299 3913 454 3994 habeant,
468 3934 573 3996 ,quarn
593 3937 750 3998 proxuma
772 3925 899 3984 aestate
921 3919 1107 3984 habuerunt
1130 3917 1295 3998 fruetique
1313 3924 1398 3982 sunt.
1423 3941 1463 3974 ,ω

386 4017 540 4092 Vituries
562 4021 636 4100 quai
651 4022 887 4084 ooutrovorsias
907 4019 911 4102 Ι
932 4019 1150 4084 Genuensium
1161 4019 1200 4082 ob
1219 4019 1374 4082 iniourias
1392 4017 1524 4082 iudicati

297 4125 361 4181 ant
384 4121 530 4184 damnati
554 4126 640 4200 sunt,
664 4122 711 4185 sei
734 4123 805 4202 quis
828 4123 861 4186 in
879 4123 1034 4186 viuculeis
1053 4123 1092 4186 ob
1112 4139 1166 4186 eas
1188 4139 1240 4184 res
1259 4123 1317 4198 est,
1335 4137 1390 4183 eos
1406 4118 1523 4183 omneis

274 4270 275 4274 ,
304 4217 306 4300 Ι
333 4219 431 4284 solvei
460 4222 567 4286 mittei
597 4222 856 4304 leiber(ore)ique
889 4221 1076 4288 Genuenses
1107 4223 1235 4286 videtur
1266 4226 1415 4300 oportere
1450 4227 1521 4282 ante

243 4319 293 4374 45·
306 4321 396 4398 eidus
419 4322 548 4390 Sextilis
571 4327 702 4406 primas.
735 4323 787 4388 Sei
811 4325 886 4406 quoi
905 4325 944 4388 de
967 4343 1006 4388 ea
1024 4343 1060 4388 re
1080 4323 1084 4407 Ι
1104 4325 1245 4405 iniquom
1264 4321 1428 4386 videbitur
1444 4338 1520 4394 esse,
