3296 5370
525 461 620 518 Edicta
637 465 796 533 praetorum.
1214 467 1275 532 159

47 633 133 697 oium
159 631 253 698 dabo.
289 633 372 696 Item
391 631 418 697 si
441 633 517 714 quid
537 633 626 698 aliud
649 633 770 700 iactum
790 651 860 699 esse
879 635 1014 716 (licetur,
1032 655 1126 702 causa
1146 639 1276 721 cognita

43 735 203 799 iudicium
227 735 320 800 dabo.
438 756 446 775 ·
931 749 933 754 ·

132 834 162 898 5.
208 835 241 900 si
264 836 303 914 ei,
334 836 390 916 qui
414 835 447 900 in
470 837 603 902 alterius
631 841 795 919 potestate
823 839 903 917 erit,
936 839 1056 904 iniuria
1087 839 1175 907 faeta
1207 861 1276 909 esse

45 941 190 1018 dicetur,
213 943 246 1002 et
268 955 372 1019 neque
395 940 431 1016 10,
456 939 547 1003 ouius
570 941 602 1004 in
625 944 789 1020 potestate
808 946 872 1020 est,
896 944 1145 1022 praesenserit,
1167 963 1275 1026 neque

45 1045 240 1123 procurator
269 1041 442 1122 quisquam
462 1043 608 1122 exsistat,
633 1043 686 1124 qui
705 1043 887 1108 eonomine
907 1048 998 1123 agat:
1024 1049 1126 1109 causa
1147 1048 1276 1126 cognita

46 1143 119 1225 ipsi,
144 1143 202 1226 qui
221 1141 372 1207 iniuriam
393 1143 554 1224 accepisse
575 1146 711 1226 dicetur,
729 1144 881 1209 iudicium
900 1145 993 1210 dabo.
1021 1144 1075 1228 (U.
1093 1149 1141 1209 57.
1160 1147 1204 1210 D.
1223 1151 1275 1228 47,
1339 1196 1356 1218 .,

47 1252 98 1324 ro,
123 1249 232 1329 apr,-
255 1247 302 1324 15,
325 1249 357 1311 a.
379 1249 432 1310 25.
456 1249 514 1325 01·
536 1248 584 1325 17,
608 1245 670 1328 ro.)
1089 1231 1092 1236 ’

382 1397 477 1481 (Pars
500 1397 570 1464 ΙΠ.
604 1399 655 1465 De
675 1400 794 1482 finibus
815 1400 943 1482 1111001.)
1074 1449 1080 1459 .

133 1521 191 1584 110
214 1537 257 1583 10
280 1518 485 1584 1011100101.
533 1516 560 1584 1.
584 1567 614 1582 ..
636 1568 642 1582 .
661 1519 823 1584 iudicatus
842 1523 880 1582 nt
898 1521 1064 1600 pecuniam
1083 1521 1198 1601 solvat,
1218 1570 1225 1586 .
1244 1572 1249 1586 .
1269 1571 1275 1584 .

50 1619 492 1700 11108.1),42,1,4,3.)
540 1622 544 1630 ’

134 1722 165 1786 2.
213 1721 1275 1810 ...0111110110001011110110110001..1051114215.)

136 1824 288 1902 Quibus
312 1842 357 1888 ax
376 1824 503 1888 causis
519 1824 556 1888 in
578 1824 868 1904 possessionem
892 1831 1011 1890 eatur.
1038 1825 1274 1903 1001110010-

49 1928 146 1993 tionis
165 1945 264 1992 causa
283 1926 456 2003 latitabiti,
480 1927 507 1990 si
536 1925 612 1990 boni
636 1926 695 1990 viri
714 1925 877 1990 arbitratu
898 1945 961 1992 non
985 1926 1183 2008 defendetur,
1207 1931 1276 1994 eius

47 2033 133 2096 bona
155 2027 314 2110 possideri
336 2028 497 2108 vendique
518 2027 644 2092 iubebo.
690 2026 744 2108 (U.
766 2030 816 2090 59.
840 2027 885 2093 D.
908 2032 962 2107 42,
985 2034 1015 2108 4,
1038 2036 1068 2108 7,
1092 2031 1133 2114 1.)

136 2130 166 2194 2.
209 2151 237 2194 a.
261 2129 324 2206 Qui
346 2129 462 2196 absens
484 2128 602 2194 iudicio
626 2126 776 2194 defensus
802 2149 865 2194 non
888 2129 1001 2195 inerit³
1019 2181 1025 2196 .
1045 2178 1051 2192 .
1072 2180 1080 2196 .
1098 2132 1179 2213 (aas
1197 2134 1276 2198 00110

43 2232 265 2316 possideatur)
288 2283 294 2296 .
316 2281 323 2296 .
344 2281 350 2296 .
370 2236 403 2296 et
421 2232 504 2311 eius,
528 2232 617 2296 ouius
635 2232 721 2296 bona
740 2249 887 2312 possessa
906 2238 982 2297 sunt
1005 2254 1025 2298 0
1051 2235 1275 2315 oreditoribus,

46 2339 139 2402 bona
157 2338 303 2413 veneant,
325 2337 554 2415 praeterquam
577 2332 691 2413 pnpilli
715 2337 748 2398 et
771 2335 850 2414 eius,
873 2335 929 2415 qui
951 2335 1018 2399 sine
1038 2335 1111 2400 dolo
1129 2335 1213 2400 malo
1229 2338 1275 2401 rei

49 2436 205 2518 publicae
229 2455 324 2501 causa
347 2434 462 2500 abfuit.
506 2434 559 2515 (U.
580 2438 631 2499 59.
654 2436 699 2500 D.
721 2439 775 2514 42,
799 2441 830 2514 4,
853 2440 883 2516 6,
907 2436 950 2519 1.)

1 2619 2 2630 ¹
211 2537 238 2602 b.
261 2537 295 2603 Si
324 2539 351 2604 is
384 2538 525 2619 pupillus
547 2539 579 2602 in
603 2556 694 2602 suam
718 2538 856 2603 tutelam
879 2539 1018 2617 venerit,
1051 2557 1129 2602 eave
1153 2539 1276 2619 pupilla

1 2637 2 2640 ’
51 2642 228 2722 viripotens
251 2639 360 2722 fuerit,
384 2646 416 2706 et
439 2645 526 2706 rente
551 2637 748 2720 defendetur,
772 2659 826 2704 eos
849 2641 904 2722 qui
926 2639 1010 2704 bona
1033 2640 1212 2720 possident,
1237 2642 1276 2705 de

48 2743 254 2825 possessione
277 2743 432 2808 decedere
456 2741 583 2808 iubebo.
628 2741 682 2824 (U.
703 2745 756 2806 59.
780 2741 822 2806 D.
844 2746 898 2820 42,
922 2745 952 2820 4,
976 2744 1005 2820 5,
1028 2742 1072 2821 2.)

136 2843 165 2911 3.
211 2846 274 2923 Qui
289 2846 394 2910 exsilii
412 2863 512 2910 causa
530 2845 633 2910 solum
651 2845 844 2910 verterit...
864 2841 944 2925 (01010
959 2843 1040 2908 bona
1051 2841 1273 2925 possideatur.)

46 2948 129 3032 (010.
147 2971 185 3031 p.
214 2947 367 3029 Quinctio.
387 2945 450 3030 19.)

135 3049 166 3115 4.
213 3070 241 3116 0.
271 3049 329 3116 Cui
362 3049 455 3116 heres
486 3069 551 3115 non
581 3049 733 3129 exstabit,
757 3099 763 3114 .
784 3099 790 3113 .
812 3100 818 3113 .
843 3047 923 3129 (0100
954 3049 1033 3113 boon
1053 3046 1278 3132 possideatur.)

45 3153 129 3236 (010.
147 3175 184 3236 pa
213 3153 368 3233 Quinctio.
391 3155 440 3216 19.
469 3153 505 3218 U.
524 3155 574 3216 60.
597 3151 641 3216 D.
664 3155 719 3230 42,
742 3155 772 3230 4,
795 3147 838 3233 8.)

2 3273 3 3276 ’
211 3253 242 3317 b.
263 3252 297 3318 Si
305 3258 431 3336 tempus
439 3255 480 3318 ad
489 3253 732 3320 deliberandum
742 3258 841 3333 petet,
853 3253 944 3317 dabo.
964 3251 997 3317 Si
1007 3253 1122 3334 pupilli
1132 3253 1275 3336 pupiilae

44 3357 180 3422 nomine
203 3355 424 3436 postulabitur
441 3361 570 3436 tempus
594 3356 635 3421 ad
668 3354 926 3430 deliberandum,
956 3373 998 3418 an
1027 3355 1179 3436 expediat
1202 3373 1275 3418 eum

43 3459 269 3524 hereditatem
287 3450 436 3536 retinere,
460 3463 493 3522 et
511 3457 571 3521 hoo
587 3457 698 3521 datum
718 3457 769 3536 sit,
792 3456 876 3522 bona
894 3458 1020 3521 interea
1043 3457 1193 3535 deminui,
1214 3456 1278 3520 nisi

43 3563 73 3626 si
99 3562 191 3625 iusta
214 3577 312 3624 cansa
335 3558 624 3639 000011110111101,4
647 3577 742 3623 causa
765 3559 893 3641 cognita
922 3559 1000 3625 boni
1023 3559 1083 3622 viri
1106 3557 1276 3638 arbitratu,

44 3663 179 3728 vetabo.
224 3660 279 3742 (U.
302 3665 352 3726 60.
370 3661 414 3726 D.
437 3665 492 3740 28,
515 3664 547 3740 8,
571 3666 599 3739 1,
623 3665 658 3739 1,-
686 3665 707 3724 7
731 3660 798 3744 pr.)
1018 3666 1021 3672 '

211 3781 292 3828 0....
308 3764 335 3828 si
353 3781 411 3844 per
429 3781 501 3828 enm
520 3781 632 3827 eamve
649 3760 770 3827 iactum
790 3764 861 3843 erit,
884 3767 947 3844 quo
964 3763 1042 3844 quid
1064 3781 1113 3827 ex.
1125 3781 1164 3827 00
1186 3761 1278 3827 here-

41 3869 156 3933 ditate
185 3870 391 3930 amoveretur
414 3917 421 3930 .
445 3917 452 3929 .
477 3915 484 3929 .
507 3863 598 3947 (suus
621 3863 804 3930 abstinendi
822 3861 1011 3931 beneficium
1038 3883 1102 3930 non
1123 3863 1278 3947 habebit.)

41 3969 104 4051 (U.
129 3971 182 4032 61.
205 3965 249 4032 D.
271 3969 326 4046 29,
350 3971 382 4046 2,
406 3972 455 4041 71,
484 3971 514 4030 3.
535 3965 579 4048 4.)

135 4069 192 4136 110
211 4068 320 4134 bonis
343 4068 593 4150 possidendis
616 4074 658 4133 et
684 4068 908 4134 vendendis.
947 4066 974 4133 1.
1020 4067 1082 4145 Qui
1111 4087 1149 4133 ex
1172 4067 1278 4133 edicto

41 4192 119 4239 meo
139 4171 174 4236 in
198 4171 432 4252 possessionem
454 4170 611 4248 venerint,
636 4188 689 4237 eos
712 4172 758 4236 ita
779 4171 909 4236 videtur
930 4170 964 4236 in
986 4171 1185 4252 possessione
1208 4188 1280 4236 esse

120 4344 147 4408 l)
165 4339 236 4394 Rnb.
256 4337 364 4393 exhibet
383 4337 446 4392 001.
464 4340 551 4401 42,1,
569 4338 638 4391 7.-
651 4338 677 4405 2)
695 4337 735 4392 ct.
755 4337 809 4393 010.
824 4356 854 4408 p.
874 4338 980 4408 Quinti.
997 4341 1047 4392 19:
1065 4338 1120 4392 ‘ubi
1137 4337 1277 4394 latitavit'.

42 4460 79 4471 -
100 4429 129 4495 3)
156 4425 198 4480 01.
219 4423 273 4480 010.
288 4441 319 4492 p.
339 4421 389 4490 Qu.
408 4425 451 4477 19.
471 4452 502 4462 -
520 4422 547 4488 4)
567 4419 608 4476 lta
625 4422 682 4478 Mo.
693 4421 739 4478 Fl.
758 4424 839 4478 verba
857 4425 887 4478 ‘si
905 4455 938 4464 -
955 4423 1099 4480 videbitur'
1116 4422 1200 4477 habet
1217 4428 1279 4492 post

43 4517 157 4570 ‘datum
176 4511 230 4564 sit’.
