<?xml version="1.0" encoding="UTF-8"?>
<!DOCTYPE html PUBLIC "-//W3C//DTD XHTML 1.0 Transitional//EN"
    "http://www.w3.org/TR/xhtml1/DTD/xhtml1-transitional.dtd">
<html xmlns="http://www.w3.org/1999/xhtml" xml:lang="en" lang="en">
 <head>
  <title>
</title>
<meta http-equiv="Content-Type" content="text/html;charset=utf-8" />
  <meta name='ocr-system' content='tesseract 3.04.00' />
  <meta name='ocr-capabilities' content='ocr_page ocr_carea ocr_par ocr_line ocrx_word'/>
</head>
<body>
  <div class='ocr_page' id='page_1' title='image "./fontesiurisroma02brungoog_0342.png"; bbox 0 0 3328 5356; ppageno 0'>
   <div class='ocr_carea' id='block_1_1' title="bbox 497 1265 1015 1378">
    <p class='ocr_par' dir='ltr' id='par_1_1' title="bbox 497 1265 1015 1378">
     <span class='ocr_line' id='line_1_1' title="bbox 497 1265 1015 1378; baseline 0.004 -2"><span class='ocrx_word' id='word_1_1' title='bbox 497 1265 1015 1378; x_wconf 78' lang='lat' dir='ltr'>luululuunul.</span> 
     </span>
    </p>
   </div>
   <div class='ocr_carea' id='block_1_2' title="bbox 408 1527 1107 1611">
    <p class='ocr_par' dir='ltr' id='par_1_2' title="bbox 408 1527 1107 1611">
     <span class='ocr_line' id='line_1_2' title="bbox 408 1527 1107 1611; baseline -0.003 -17"><span class='ocrx_word' id='word_1_2' title='bbox 408 1531 432 1594; x_wconf 93' lang='lat' dir='ltr'>I.</span> <span class='ocrx_word' id='word_1_3' title='bbox 479 1528 535 1594; x_wconf 85' lang='lat' dir='ltr'>Ad</span> <span class='ocrx_word' id='word_1_4' title='bbox 562 1527 735 1594; x_wconf 87' lang='lat' dir='ltr'>tabularu</span> <span class='ocrx_word' id='word_1_5' title='bbox 758 1529 977 1608; x_wconf 73' lang='lat' dir='ltr'>Bantiuam</span> <span class='ocrx_word' id='word_1_6' title='bbox 1005 1549 1034 1611; x_wconf 87' lang='lat' dir='ltr'>p.</span> <span class='ocrx_word' id='word_1_7' title='bbox 1057 1527 1107 1592; x_wconf 86' lang='lat'>43.</span> 
     </span>
    </p>
   </div>
   <div class='ocr_carea' id='block_1_3' title="bbox 133 1664 1371 2560">
    <p class='ocr_par' dir='ltr' id='par_1_3' title="bbox 133 1664 1371 2560">
     <span class='ocr_line' id='line_1_3' title="bbox 225 1664 1370 1746; baseline -0.002 -15"><span class='ocrx_word' id='word_1_8' title='bbox 225 1667 382 1732; x_wconf 88' lang='lat' dir='ltr'>Nondum</span> <span class='ocrx_word' id='word_1_9' title='bbox 406 1666 554 1731; x_wconf 89' lang='lat' dir='ltr'>absoluto</span> <span class='ocrx_word' id='word_1_10' title='bbox 577 1682 673 1745; x_wconf 92' lang='lat' dir='ltr'>opere</span> <span class='ocrx_word' id='word_1_11' title='bbox 696 1681 769 1728; x_wconf 91' lang='lat' dir='ltr'>cum</span> <span class='ocrx_word' id='word_1_12' title='bbox 791 1666 825 1729; x_wconf 92' lang='lat' dir='ltr'>in</span> <span class='ocrx_word' id='word_1_13' title='bbox 847 1665 944 1730; x_wconf 86' lang='lat' dir='ltr'>Italia</span> <span class='ocrx_word' id='word_1_14' title='bbox 965 1667 1029 1730; x_wconf 91' lang='lat' dir='ltr'>iter</span> <span class='ocrx_word' id='word_1_15' title='bbox 1051 1665 1203 1744; x_wconf 81' lang='lat' dir='ltr'>lacerem,</span> <span class='ocrx_word' id='word_1_16' title='bbox 1234 1664 1370 1746; x_wconf 78' lang='lat' dir='ltr'>Neapoli</span> 
     </span>
     <span class='ocr_line' id='line_1_4' title="bbox 134 1765 1371 1853; baseline -0.005 -17"><span class='ocrx_word' id='word_1_17' title='bbox 134 1769 409 1853; x_wconf 84' lang='lat' dir='ltr'>praetermittere</span> <span class='ocrx_word' id='word_1_18' title='bbox 433 1767 521 1832; x_wconf 92' lang='lat' dir='ltr'>nolui</span> <span class='ocrx_word' id='word_1_19' title='bbox 537 1765 682 1832; x_wconf 89' lang='lat' dir='ltr'>tabulam</span> <span class='ocrx_word' id='word_1_20' title='bbox 698 1767 869 1832; x_wconf 89' lang='lat' dir='ltr'>Bantinam</span> <span class='ocrx_word' id='word_1_21' title='bbox 888 1767 1045 1848; x_wconf 87' lang='lat' dir='ltr'>inspicere</span> <span class='ocrx_word' id='word_1_22' title='bbox 1061 1767 1243 1848; x_wconf 87' lang='lat' dir='ltr'>dubiasque</span> <span class='ocrx_word' id='word_1_23' title='bbox 1258 1766 1371 1831; x_wconf 80' lang='lat' dir='ltr'>literas</span> 
     </span>
     <span class='ocr_line' id='line_1_5' title="bbox 133 1867 1370 1951; baseline -0.005 -13"><span class='ocrx_word' id='word_1_24' title='bbox 133 1891 298 1938; x_wconf 86' lang='lat' dir='ltr'>versuum</span> <span class='ocrx_word' id='word_1_25' title='bbox 324 1869 498 1934; x_wconf 89' lang='lat' dir='ltr'>initialium</span> <span class='ocrx_word' id='word_1_26' title='bbox 514 1886 611 1949; x_wconf 90' lang='lat' dir='ltr'>quam</span> <span class='ocrx_word' id='word_1_27' title='bbox 629 1886 755 1950; x_wconf 85' lang='lat' dir='ltr'>possem</span> <span class='ocrx_word' id='word_1_28' title='bbox 773 1867 1013 1934; x_wconf 80' lang='lat' dir='ltr'>accuratissime</span> <span class='ocrx_word' id='word_1_29' title='bbox 1032 1869 1241 1951; x_wconf 88' lang='lat' dir='ltr'>perscrutari.</span> <span class='ocrx_word' id='word_1_30' title='bbox 1278 1867 1370 1944; x_wconf 82' lang='lat' dir='ltr'>Quod</span> 
     </span>
     <span class='ocr_line' id='line_1_6' title="bbox 134 1969 1370 2055; baseline -0.005 -15"><span class='ocrx_word' id='word_1_31' title='bbox 134 1982 175 2040; x_wconf 91' lang='lat' dir='ltr'>ut</span> <span class='ocrx_word' id='word_1_32' title='bbox 200 1971 402 2055; x_wconf 79' lang='lat' dir='ltr'>perficerem,</span> <span class='ocrx_word' id='word_1_33' title='bbox 426 1971 545 2036; x_wconf 86' lang='lat' dir='ltr'>eximia</span> <span class='ocrx_word' id='word_1_34' title='bbox 569 1970 767 2034; x_wconf 87' lang='lat' dir='ltr'>humanitate</span> <span class='ocrx_word' id='word_1_35' title='bbox 787 1969 868 2033; x_wconf 77' lang='lat' dir='ltr'>Iulii</span> <span class='ocrx_word' id='word_1_36' title='bbox 889 1970 926 2035; x_wconf 78' lang='lat' dir='ltr'>de</span> <span class='ocrx_word' id='word_1_37' title='bbox 948 1969 1051 2050; x_wconf 77' lang='lat' dir='ltr'>Petro,</span> <span class='ocrx_word' id='word_1_38' title='bbox 1075 1971 1243 2035; x_wconf 87' lang='lat' dir='ltr'>directoris</span> <span class='ocrx_word' id='word_1_39' title='bbox 1267 1972 1370 2034; x_wconf 86' lang='lat' dir='ltr'>musei</span> 
     </span>
     <span class='ocr_line' id='line_1_7' title="bbox 135 2070 1368 2156; baseline -0.005 -15"><span class='ocrx_word' id='word_1_40' title='bbox 135 2076 290 2156; x_wconf 85' lang='lat' dir='ltr'>Neapol.‚</span> <span class='ocrx_word' id='word_1_41' title='bbox 318 2074 463 2140; x_wconf 87' lang='lat' dir='ltr'>tabulam</span> <span class='ocrx_word' id='word_1_42' title='bbox 496 2073 574 2138; x_wconf 90' lang='lat' dir='ltr'>mihi</span> <span class='ocrx_word' id='word_1_43' title='bbox 602 2071 783 2135; x_wconf 86' lang='lat' dir='ltr'>exhibentis</span> <span class='ocrx_word' id='word_1_44' title='bbox 809 2072 958 2153; x_wconf 89' lang='lat' dir='ltr'>omnique</span> <span class='ocrx_word' id='word_1_45' title='bbox 983 2073 1077 2136; x_wconf 90' lang='lat' dir='ltr'>modo</span> <span class='ocrx_word' id='word_1_46' title='bbox 1104 2091 1197 2152; x_wconf 91' lang='lat' dir='ltr'>opem</span> <span class='ocrx_word' id='word_1_47' title='bbox 1224 2070 1368 2151; x_wconf 84' lang='lat' dir='ltr'>ferentis,</span> 
     </span>
     <span class='ocr_line' id='line_1_8' title="bbox 136 2173 1370 2258; baseline -0.004 -15"><span class='ocrx_word' id='word_1_48' title='bbox 136 2179 223 2243; x_wconf 90' lang='lat' dir='ltr'>mihi</span> <span class='ocrx_word' id='word_1_49' title='bbox 252 2178 395 2258; x_wconf 84' lang='lat' dir='ltr'>contigit.</span> <span class='ocrx_word' id='word_1_50' title='bbox 442 2173 639 2240; x_wconf 85' lang='lat' dir='ltr'>Confirmata</span> <span class='ocrx_word' id='word_1_51' title='bbox 669 2179 746 2237; x_wconf 89' lang='lat' dir='ltr'>suut</span> <span class='ocrx_word' id='word_1_52' title='bbox 775 2192 875 2254; x_wconf 88' lang='lat' dir='ltr'>paene</span> <span class='ocrx_word' id='word_1_53' title='bbox 898 2174 1017 2251; x_wconf 83' lang='lat' dir='ltr'>omnia,</span> <span class='ocrx_word' id='word_1_54' title='bbox 1049 2191 1132 2254; x_wconf 88' lang='lat' dir='ltr'>quae</span> <span class='ocrx_word' id='word_1_55' title='bbox 1154 2174 1370 2239; x_wconf 80' lang='lat' dir='ltr'>Mommsemrs</span> 
     </span>
     <span class='ocr_line' id='line_1_9' title="bbox 136 2275 1368 2359; baseline -0.002 -17"><span class='ocrx_word' id='word_1_56' title='bbox 136 2280 292 2359; x_wconf 77' lang='lat' dir='ltr'>legerat3</span> <span class='ocrx_word' id='word_1_57' title='bbox 322 2296 422 2357; x_wconf 87' lang='lat' dir='ltr'>pauca</span> <span class='ocrx_word' id='word_1_58' title='bbox 445 2282 571 2341; x_wconf 88' lang='lat' dir='ltr'>tantum</span> <span class='ocrx_word' id='word_1_59' title='bbox 596 2281 655 2340; x_wconf 87' lang='lat' dir='ltr'>aut</span> <span class='ocrx_word' id='word_1_60' title='bbox 677 2276 773 2339; x_wconf 88' lang='lat' dir='ltr'>aliter</span> <span class='ocrx_word' id='word_1_61' title='bbox 794 2275 931 2356; x_wconf 86' lang='lat' dir='ltr'>legenda</span> <span class='ocrx_word' id='word_1_62' title='bbox 955 2280 1013 2340; x_wconf 90' lang='lat' dir='ltr'>aut</span> <span class='ocrx_word' id='word_1_63' title='bbox 1036 2275 1135 2340; x_wconf 89' lang='lat' dir='ltr'>dubia</span> <span class='ocrx_word' id='word_1_64' title='bbox 1157 2276 1368 2358; x_wconf 87' lang='lat' dir='ltr'>relinquenda</span> 
     </span>
     <span class='ocr_line' id='line_1_10' title="bbox 140 2371 1369 2457; baseline -0.001 -14"><span class='ocrx_word' id='word_1_65' title='bbox 140 2371 355 2457; x_wconf 77' lang='lat' dir='ltr'>videbantur3</span> <span class='ocrx_word' id='word_1_66' title='bbox 385 2380 534 2444; x_wconf 87' lang='lat' dir='ltr'>nimirum</span> <span class='ocrx_word' id='word_1_67' title='bbox 557 2379 724 2443; x_wconf 86' lang='lat' dir='ltr'>literamm</span> <span class='ocrx_word' id='word_1_68' title='bbox 747 2376 830 2441; x_wconf 89' lang='lat' dir='ltr'>aliae</span> <span class='ocrx_word' id='word_1_69' title='bbox 852 2375 995 2441; x_wconf 86' lang='lat' dir='ltr'>fractura</span> <span class='ocrx_word' id='word_1_70' title='bbox 1017 2377 1150 2442; x_wconf 89' lang='lat' dir='ltr'>tabulae</span> <span class='ocrx_word' id='word_1_71' title='bbox 1173 2383 1250 2441; x_wconf 91' lang='lat' dir='ltr'>suut</span> <span class='ocrx_word' id='word_1_72' title='bbox 1272 2379 1369 2442; x_wconf 89' lang='lat' dir='ltr'>muti-</span> 
     </span>
     <span class='ocr_line' id='line_1_11' title="bbox 141 2478 1368 2560; baseline -0.001 -16"><span class='ocrx_word' id='word_1_73' title='bbox 141 2481 244 2558; x_wconf 86' lang='lat' dir='ltr'>latae,</span> <span class='ocrx_word' id='word_1_74' title='bbox 268 2479 404 2546; x_wconf 90' lang='lat' dir='ltr'>aliarum</span> <span class='ocrx_word' id='word_1_75' title='bbox 427 2482 539 2546; x_wconf 92' lang='lat' dir='ltr'>incisio</span> <span class='ocrx_word' id='word_1_76' title='bbox 562 2482 608 2544; x_wconf 89' lang='lat' dir='ltr'>ita</span> <span class='ocrx_word' id='word_1_77' title='bbox 632 2485 681 2544; x_wconf 86' lang='lat' dir='ltr'>est</span> <span class='ocrx_word' id='word_1_78' title='bbox 703 2478 884 2558; x_wconf 88' lang='lat' dir='ltr'>deminuta,</span> <span class='ocrx_word' id='word_1_79' title='bbox 915 2485 952 2544; x_wconf 88' lang='lat' dir='ltr'>ut</span> <span class='ocrx_word' id='word_1_80' title='bbox 974 2479 1130 2544; x_wconf 90' lang='lat' dir='ltr'>linearum</span> <span class='ocrx_word' id='word_1_81' title='bbox 1155 2480 1292 2560; x_wconf 79' lang='lat' dir='ltr'>vestigia</span> <span class='ocrx_word' id='word_1_82' title='bbox 1316 2481 1368 2544; x_wconf 82' lang='lat' dir='ltr'>vin</span> 
     </span>
    </p>
   </div>
   <div class='ocr_carea' id='block_1_4' title="bbox 139 2581 980 2845">
    <p class='ocr_par' dir='ltr' id='par_1_4' title="bbox 139 2581 980 2845">
     <span class='ocr_line' id='line_1_12' title="bbox 139 2581 898 2663; baseline -0.005 -15"><span class='ocrx_word' id='word_1_83' title='bbox 139 2582 259 2648; x_wconf 86' lang='lat' dir='ltr'>relicta</span> <span class='ocrx_word' id='word_1_84' title='bbox 282 2583 354 2647; x_wconf 92' lang='lat' dir='ltr'>sint.</span> <span class='ocrx_word' id='word_1_85' title='bbox 399 2584 488 2648; x_wconf 87' lang='lat' dir='ltr'>Haec</span> <span class='ocrx_word' id='word_1_86' title='bbox 513 2588 599 2661; x_wconf 86' lang='lat' dir='ltr'>sunt,</span> <span class='ocrx_word' id='word_1_87' title='bbox 623 2599 706 2663; x_wconf 89' lang='lat' dir='ltr'>quae</span> <span class='ocrx_word' id='word_1_88' title='bbox 730 2581 898 2661; x_wconf 88' lang='lat' dir='ltr'>descripsi:</span> 
     </span>
     <span class='ocr_line' id='line_1_13' title="bbox 315 2683 980 2767; baseline -0.008 -23"><span class='ocrx_word' id='word_1_89' title='bbox 315 2735 322 2748; x_wconf 89' lang='lat'>.</span> <span class='ocrx_word' id='word_1_90' title='bbox 347 2683 412 2767; x_wconf 76' lang='lat'>(28)</span> <span class='ocrx_word' id='word_1_91' title='bbox 437 2733 443 2745; x_wconf 91' lang='lat'>.</span> <span class='ocrx_word' id='word_1_92' title='bbox 466 2735 473 2750; x_wconf 83' lang='grc'><em>,</em></span> <span class='ocrx_word' id='word_1_93' title='bbox 495 2731 503 2746; x_wconf 81' lang='grc'>,</span> <span class='ocrx_word' id='word_1_94' title='bbox 528 2697 717 2740; x_wconf 62' lang='lat' dir='ltr'>oreuouevsr</span> <span class='ocrx_word' id='word_1_95' title='bbox 740 2698 793 2739; x_wconf 82' lang='lat' dir='ltr'>uic</span> <span class='ocrx_word' id='word_1_96' title='bbox 817 2699 855 2740; x_wconf 86' lang='lat' dir='ltr'>nv</span> <span class='ocrx_word' id='word_1_97' title='bbox 882 2733 889 2748; x_wconf 86' lang='grc'><em>,</em></span> <span class='ocrx_word' id='word_1_98' title='bbox 912 2732 919 2744; x_wconf 90' lang='grc'><em>,</em></span> <span class='ocrx_word' id='word_1_99' title='bbox 942 2732 950 2748; x_wconf 80' lang='grc'><strong>,</strong></span> <span class='ocrx_word' id='word_1_100' title='bbox 974 2736 980 2750; x_wconf 81' lang='lat'>,</span> 
     </span>
     <span class='ocr_line' id='line_1_14' title="bbox 358 2797 374 2845; baseline 0 0"><span class='ocrx_word' id='word_1_101' title='bbox 358 2797 374 2845; x_wconf 86' lang='lat'><strong><em>1</em></strong></span> 
     </span>
    </p>
   </div>
   <div class='ocr_carea' id='block_1_5' title="bbox 280 2785 1371 3174">
    <p class='ocr_par' dir='ltr' id='par_1_5' title="bbox 282 2785 1371 2871">
     <span class='ocr_line' id='line_1_15' title="bbox 282 2785 1371 2871; baseline -0.018 -22"><span class='ocrx_word' id='word_1_102' title='bbox 282 2837 288 2849; x_wconf 94' lang='grc'>.</span> <span class='ocrx_word' id='word_1_103' title='bbox 312 2839 319 2852; x_wconf 91' lang='grc'><strong>.</strong></span> <span class='ocrx_word' id='word_1_104' title='bbox 344 2785 405 2870; x_wconf 87' lang='grc'>(9)</span> <span class='ocrx_word' id='word_1_105' title='bbox 423 2838 430 2852; x_wconf 81' lang='grc'>,</span> <span class='ocrx_word' id='word_1_106' title='bbox 450 2838 457 2851; x_wconf 84' lang='grc'><em>,</em></span> <span class='ocrx_word' id='word_1_107' title='bbox 476 2800 725 2850; x_wconf 59' lang='lat' dir='ltr'>svn-mersae.</span> <span class='ocrx_word' id='word_1_108' title='bbox 745 2799 863 2842; x_wconf 80' lang='lat' dir='ltr'>uouurn</span> <span class='ocrx_word' id='word_1_109' title='bbox 880 2801 1026 2849; x_wconf 79' lang='lat' dir='ltr'>sneruv.</span> <span class='ocrx_word' id='word_1_110' title='bbox 1047 2787 1157 2871; x_wconf 76' lang='lat'>..(14)</span> <span class='ocrx_word' id='word_1_111' title='bbox 1177 2837 1207 2852; x_wconf 92' lang='lat'>..</span> <span class='ocrx_word' id='word_1_112' title='bbox 1227 2801 1280 2842; x_wconf 57' lang='lat' dir='ltr'>nna</span> <span class='ocrx_word' id='word_1_113' title='bbox 1300 2837 1306 2850; x_wconf 35' lang='lat'>⁸</span> <span class='ocrx_word' id='word_1_114' title='bbox 1330 2837 1337 2850; x_wconf 52' lang='grc'><strong>,</strong></span> <span class='ocrx_word' id='word_1_115' title='bbox 1360 2808 1371 2850; x_wconf 93' lang='lat'>.·</span> 
     </span>
    </p>

    <p class='ocr_par' dir='ltr' id='par_1_6' title="bbox 280 2888 1210 2974">
     <span class='ocr_line' id='line_1_16' title="bbox 280 2888 1210 2974; baseline -0.009 -23"><span class='ocrx_word' id='word_1_116' title='bbox 280 2938 286 2951; x_wconf 94' lang='lat'>.</span> <span class='ocrx_word' id='word_1_117' title='bbox 312 2941 317 2952; x_wconf 94' lang='lat'>.</span> <span class='ocrx_word' id='word_1_118' title='bbox 343 2888 406 2974; x_wconf 87' lang='lat'><em>(17)</em></span> <span class='ocrx_word' id='word_1_119' title='bbox 431 2941 437 2953; x_wconf 86' lang='lat'>,</span> <span class='ocrx_word' id='word_1_120' title='bbox 463 2940 469 2954; x_wconf 87' lang='grc'>,</span> <span class='ocrx_word' id='word_1_121' title='bbox 495 2903 616 2946; x_wconf 80' lang='lat' dir='ltr'>narrasr</span> <span class='ocrx_word' id='word_1_122' title='bbox 635 2903 743 2943; x_wconf 79' lang='lat' dir='ltr'>umuss</span> <span class='ocrx_word' id='word_1_123' title='bbox 762 2901 880 2946; x_wconf 73' lang='lat' dir='ltr'>claraus</span> <span class='ocrx_word' id='word_1_124' title='bbox 898 2904 1045 2944; x_wconf 80' lang='lat' dir='ltr'>usnemun</span> <span class='ocrx_word' id='word_1_125' title='bbox 1065 2904 1124 2953; x_wconf 71' lang='lat' dir='ltr'>aue,</span> <span class='ocrx_word' id='word_1_126' title='bbox 1147 2940 1155 2954; x_wconf 76' lang='grc'><em>,</em></span> <span class='ocrx_word' id='word_1_127' title='bbox 1176 2941 1210 2954; x_wconf 85' lang='grc'>,,</span> 
     </span>
    </p>

    <p class='ocr_par' dir='ltr' id='par_1_7' title="bbox 281 3005 1368 3174">
     <span class='ocr_line' id='line_1_17' title="bbox 281 3005 1368 3048; baseline -0.001 -2"><span class='ocrx_word' id='word_1_128' title='bbox 281 3007 332 3046; x_wconf 69' lang='lat' dir='ltr'>rur</span> <span class='ocrx_word' id='word_1_129' title='bbox 355 3007 425 3048; x_wconf 77' lang='lat' dir='ltr'>osus</span> <span class='ocrx_word' id='word_1_130' title='bbox 439 3005 565 3048; x_wconf 58' lang='lat' dir='ltr'>eurora</span> <span class='ocrx_word' id='word_1_131' title='bbox 586 3005 630 3046; x_wconf 88' lang='lat' dir='ltr'>roc</span> <span class='ocrx_word' id='word_1_132' title='bbox 653 3005 730 3046; x_wconf 84' lang='lat' dir='ltr'>ueuo</span> <span class='ocrx_word' id='word_1_133' title='bbox 755 3005 1009 3047; x_wconf 78' lang='lat' dir='ltr'>comsaascvsraa</span> <span class='ocrx_word' id='word_1_134' title='bbox 1031 3005 1102 3048; x_wconf 80' lang='lat' dir='ltr'>suun</span> <span class='ocrx_word' id='word_1_135' title='bbox 1134 3007 1177 3046; x_wconf 77' lang='lat' dir='ltr'>urs</span> <span class='ocrx_word' id='word_1_136' title='bbox 1200 3005 1368 3047; x_wconf 77' lang='lat' dir='ltr'>rnnruuusr</span> 
     </span>
     <span class='ocr_line' id='line_1_18' title="bbox 1123 3093 1366 3174; baseline 0 -26"><span class='ocrx_word' id='word_1_137' title='bbox 1123 3093 1295 3174; x_wconf 67' lang='lat' dir='ltr'>[amnuens</span> <span class='ocrx_word' id='word_1_138' title='bbox 1316 3139 1321 3148; x_wconf 96' lang='lat'>.</span> <span class='ocrx_word' id='word_1_139' title='bbox 1340 3137 1366 3148; x_wconf 90' lang='lat'>..</span> 
     </span>
    </p>
   </div>
   <div class='ocr_carea' id='block_1_6' title="bbox 225 2688 258 3056">
    <p class='ocr_par' dir='ltr' id='par_1_8' title="bbox 225 2688 258 3056">
     <span class='ocr_line' id='line_1_19' title="bbox 231 2688 258 2748; baseline 0.074 -2"><span class='ocrx_word' id='word_1_140' title='bbox 231 2688 258 2748; x_wconf 91' lang='lat' dir='ltr'>l.</span> 
     </span>
     <span class='ocr_line' id='line_1_20' title="bbox 226 2785 258 2850; baseline 0.063 -2"><span class='ocrx_word' id='word_1_141' title='bbox 226 2785 258 2850; x_wconf 80' lang='lat'>2.</span> 
     </span>
     <span class='ocr_line' id='line_1_21' title="bbox 227 2887 255 2950; baseline 0 0"><span class='ocrx_word' id='word_1_142' title='bbox 227 2887 255 2950; x_wconf 91' lang='lat'>3.</span> 
     </span>
     <span class='ocr_line' id='line_1_22' title="bbox 225 2990 257 3056; baseline 0.094 -3"><span class='ocrx_word' id='word_1_143' title='bbox 225 2990 257 3056; x_wconf 82' lang='lat'>4.</span> 
     </span>
    </p>
   </div>
   <div class='ocr_carea' id='block_1_7' title="bbox 327 3292 1174 3378">
    <p class='ocr_par' dir='ltr' id='par_1_9' title="bbox 327 3292 1174 3378">
     <span class='ocr_line' id='line_1_23' title="bbox 327 3292 1174 3378; baseline -0.001 -18"><span class='ocrx_word' id='word_1_144' title='bbox 327 3296 367 3360; x_wconf 96' lang='lat' dir='ltr'>II.</span> <span class='ocrx_word' id='word_1_145' title='bbox 413 3297 770 3378; x_wconf 71' lang='lat' dir='ltr'>Arl&#39;promissiones</span> <span class='ocrx_word' id='word_1_146' title='bbox 792 3295 1025 3376; x_wconf 86' lang='lat' dir='ltr'>populares,</span> <span class='ocrx_word' id='word_1_147' title='bbox 1049 3314 1078 3376; x_wconf 91' lang='lat' dir='ltr'>p.</span> <span class='ocrx_word' id='word_1_148' title='bbox 1104 3292 1174 3359; x_wconf 83' lang='lat'>194.</span> 
     </span>
    </p>
   </div>
   <div class='ocr_carea' id='block_1_8' title="bbox 132 3431 1367 3620">
    <p class='ocr_par' dir='ltr' id='par_1_10' title="bbox 132 3431 1367 3620">
     <span class='ocr_line' id='line_1_24' title="bbox 272 3431 1367 3522; baseline 0.003 -26"><span class='ocrx_word' id='word_1_149' title='bbox 272 3433 393 3497; x_wconf 88' lang='lat' dir='ltr'>Romae</span> <span class='ocrx_word' id='word_1_150' title='bbox 416 3433 448 3496; x_wconf 92' lang='lat' dir='ltr'>in</span> <span class='ocrx_word' id='word_1_151' title='bbox 470 3451 578 3522; x_wconf 87' lang='lat' dir='ltr'>museo</span> <span class='ocrx_word' id='word_1_152' title='bbox 596 3431 807 3496; x_wconf 89' lang='lat' dir='ltr'>Kircheriano</span> <span class='ocrx_word' id='word_1_153' title='bbox 830 3432 929 3496; x_wconf 89' lang='lat' dir='ltr'>etiam</span> <span class='ocrx_word' id='word_1_154' title='bbox 948 3431 1128 3511; x_wconf 79' lang='lat' dir='ltr'>exemplum</span> <span class='ocrx_word' id='word_1_155' title='bbox 1147 3433 1367 3512; x_wconf 86' lang='lat' dir='ltr'>promissionis</span> 
     </span>
     <span class='ocr_line' id='line_1_25' title="bbox 132 3533 1366 3620; baseline -0.002 -18"><span class='ocrx_word' id='word_1_156' title='bbox 132 3535 310 3620; x_wconf 87' lang='lat' dir='ltr'>popularis</span> <span class='ocrx_word' id='word_1_157' title='bbox 341 3535 505 3599; x_wconf 87' lang='lat' dir='ltr'>Romanae</span> <span class='ocrx_word' id='word_1_158' title='bbox 536 3534 614 3598; x_wconf 92' lang='lat' dir='ltr'>mihi</span> <span class='ocrx_word' id='word_1_159' title='bbox 646 3533 788 3604; x_wconf 73' lang='lat' dir='ltr'>obvenit,</span> <span class='ocrx_word' id='word_1_160' title='bbox 819 3535 919 3615; x_wconf 80' lang='lat' dir='ltr'>quod,</span> <span class='ocrx_word' id='word_1_161' title='bbox 954 3533 1030 3597; x_wconf 89' lang='lat' dir='ltr'>licet</span> <span class='ocrx_word' id='word_1_162' title='bbox 1062 3533 1264 3598; x_wconf 86' lang='lat' dir='ltr'>alllaffeio¹⁰</span> <span class='ocrx_word' id='word_1_163' title='bbox 1285 3535 1366 3599; x_wconf 88' lang='lat' dir='ltr'>iam-</span> 
     </span>
    </p>
   </div>
   <div class='ocr_carea' id='block_1_9' title="bbox 125 3769 1365 4431">
    <p class='ocr_par' dir='ltr' id='par_1_11' title="bbox 125 3769 1365 4431">
     <span class='ocr_line' id='line_1_26' title="bbox 203 3769 1363 3837; baseline -0.003 -10"><span class='ocrx_word' id='word_1_164' title='bbox 203 3775 231 3834; x_wconf 89' lang='grc'>1)</span> <span class='ocrx_word' id='word_1_165' title='bbox 244 3770 368 3824; x_wconf 77' lang='lat' dir='ltr'>Fortasse</span> <span class='ocrx_word' id='word_1_166' title='bbox 386 3771 429 3832; x_wconf 81' lang='lat' dir='ltr'>‘o’‚</span> <span class='ocrx_word' id='word_1_167' title='bbox 448 3769 520 3824; x_wconf 85' lang='grc' dir='ltr'>Μο..·</span> <span class='ocrx_word' id='word_1_168' title='bbox 537 3772 577 3826; x_wconf 83' lang='lat' dir='ltr'>‘s&#39;.</span> <span class='ocrx_word' id='word_1_169' title='bbox 592 3802 625 3810; x_wconf 97' lang='lat'><em>-</em></span> <span class='ocrx_word' id='word_1_170' title='bbox 642 3773 668 3837; x_wconf 78' lang='grc'>2)</span> <span class='ocrx_word' id='word_1_171' title='bbox 686 3771 758 3827; x_wconf 86' lang='grc' dir='ltr'><strong><em>Μο..·</em></strong></span> <span class='ocrx_word' id='word_1_172' title='bbox 776 3770 872 3824; x_wconf 71' lang='lat' dir='ltr'>‘svau’.</span> <span class='ocrx_word' id='word_1_173' title='bbox 886 3800 919 3810; x_wconf 84' lang='lat'><em>-</em></span> <span class='ocrx_word' id='word_1_174' title='bbox 933 3771 959 3832; x_wconf 92' lang='grc'>3)</span> <span class='ocrx_word' id='word_1_175' title='bbox 969 3770 1061 3823; x_wconf 85' lang='lat' dir='ltr'>Litera</span> <span class='ocrx_word' id='word_1_176' title='bbox 1079 3772 1113 3822; x_wconf 85' lang='lat' dir='ltr'>‘u&#39;</span> <span class='ocrx_word' id='word_1_177' title='bbox 1131 3771 1174 3824; x_wconf 84' lang='lat' dir='ltr'>vir</span> <span class='ocrx_word' id='word_1_178' title='bbox 1193 3770 1363 3837; x_wconf 85' lang='lat' dir='ltr'>conspicitur,</span> 
     </span>
     <span class='ocr_line' id='line_1_27' title="bbox 127 3855 1364 3928; baseline -0.002 -16"><span class='ocrx_word' id='word_1_179' title='bbox 127 3861 225 3928; x_wconf 87' lang='lat' dir='ltr'>potest</span> <span class='ocrx_word' id='word_1_180' title='bbox 251 3855 336 3909; x_wconf 86' lang='lat' dir='ltr'>etiam</span> <span class='ocrx_word' id='word_1_181' title='bbox 354 3870 410 3906; x_wconf 86' lang='lat' dir='ltr'>csse</span> <span class='ocrx_word' id='word_1_182' title='bbox 433 3855 467 3906; x_wconf 85' lang='lat' dir='ltr'>‘u&#39;</span> <span class='ocrx_word' id='word_1_183' title='bbox 487 3855 529 3908; x_wconf 84' lang='lat' dir='ltr'>vel</span> <span class='ocrx_word' id='word_1_184' title='bbox 547 3856 584 3908; x_wconf 83' lang='lat' dir='ltr'>‘u&#39;</span> <span class='ocrx_word' id='word_1_185' title='bbox 603 3857 647 3909; x_wconf 84' lang='lat' dir='ltr'>vel</span> <span class='ocrx_word' id='word_1_186' title='bbox 665 3858 708 3909; x_wconf 83' lang='lat' dir='ltr'>‘n&#39;.</span> <span class='ocrx_word' id='word_1_187' title='bbox 744 3856 816 3910; x_wconf 89' lang='grc' dir='ltr'><strong><em>Μο..·</em></strong></span> <span class='ocrx_word' id='word_1_188' title='bbox 838 3855 949 3908; x_wconf 78' lang='lat' dir='ltr'>‘nurus&#39;.</span> <span class='ocrx_word' id='word_1_189' title='bbox 967 3884 1001 3892; x_wconf 95' lang='lat'>—</span> <span class='ocrx_word' id='word_1_190' title='bbox 1018 3855 1044 3916; x_wconf 89' lang='grc'>4)</span> <span class='ocrx_word' id='word_1_191' title='bbox 1063 3855 1135 3909; x_wconf 88' lang='grc' dir='ltr'><strong>Μο..·</strong></span> <span class='ocrx_word' id='word_1_192' title='bbox 1156 3856 1267 3916; x_wconf 74' lang='lat' dir='ltr'>‘ane1r&#39;.</span> <span class='ocrx_word' id='word_1_193' title='bbox 1287 3860 1316 3909; x_wconf 87' lang='lat' dir='ltr'>at</span> <span class='ocrx_word' id='word_1_194' title='bbox 1336 3858 1364 3910; x_wconf 93' lang='lat' dir='ltr'>in</span> 
     </span>
     <span class='ocr_line' id='line_1_28' title="bbox 127 3939 1364 4008; baseline -0.002 -11"><span class='ocrx_word' id='word_1_195' title='bbox 127 3943 233 3997; x_wconf 87' lang='lat' dir='ltr'>ultima</span> <span class='ocrx_word' id='word_1_196' title='bbox 253 3939 336 3992; x_wconf 84' lang='lat' dir='ltr'>litera</span> <span class='ocrx_word' id='word_1_197' title='bbox 353 3939 426 3992; x_wconf 86' lang='lat' dir='ltr'>linea</span> <span class='ocrx_word' id='word_1_198' title='bbox 443 3941 596 3993; x_wconf 87' lang='lat' dir='ltr'>transversa</span> <span class='ocrx_word' id='word_1_199' title='bbox 614 3941 728 4008; x_wconf 85' lang='lat' dir='ltr'>conspici</span> <span class='ocrx_word' id='word_1_200' title='bbox 745 3957 797 3994; x_wconf 91' lang='lat' dir='ltr'>non</span> <span class='ocrx_word' id='word_1_201' title='bbox 814 3943 911 4008; x_wconf 84' lang='lat' dir='ltr'>potest.</span> <span class='ocrx_word' id='word_1_202' title='bbox 929 3969 962 3978; x_wconf 91' lang='lat'>-</span> <span class='ocrx_word' id='word_1_203' title='bbox 980 3940 1007 4008; x_wconf 85' lang='grc'>5)</span> <span class='ocrx_word' id='word_1_204' title='bbox 1027 3940 1099 3994; x_wconf 89' lang='grc' dir='ltr'><strong><em>Μο..·</em></strong></span> <span class='ocrx_word' id='word_1_205' title='bbox 1117 3947 1162 3994; x_wconf 85' lang='lat' dir='ltr'>‘vc</span> <span class='ocrx_word' id='word_1_206' title='bbox 1180 3983 1186 3993; x_wconf 89' lang='lat'>.</span> <span class='ocrx_word' id='word_1_207' title='bbox 1205 3983 1210 3993; x_wconf 97' lang='lat'>.</span> <span class='ocrx_word' id='word_1_208' title='bbox 1227 3982 1232 3993; x_wconf 94' lang='lat'>.</span> <span class='ocrx_word' id='word_1_209' title='bbox 1249 3943 1364 3995; x_wconf 74' lang='lat' dir='ltr'>suusm&#39;.</span> 
     </span>
     <span class='ocr_line' id='line_1_29' title="bbox 126 4023 1365 4094; baseline -0.003 -14"><span class='ocrx_word' id='word_1_210' title='bbox 126 4031 153 4094; x_wconf 89' lang='grc'>6)</span> <span class='ocrx_word' id='word_1_211' title='bbox 175 4027 266 4082; x_wconf 86' lang='lat' dir='ltr'>Certa</span> <span class='ocrx_word' id='word_1_212' title='bbox 283 4023 380 4076; x_wconf 87' lang='lat' dir='ltr'>omnia.</span> <span class='ocrx_word' id='word_1_213' title='bbox 398 4052 432 4062; x_wconf 90' lang='lat'>-</span> <span class='ocrx_word' id='word_1_214' title='bbox 458 4025 484 4086; x_wconf 81' lang='grc'>7)</span> <span class='ocrx_word' id='word_1_215' title='bbox 504 4023 596 4078; x_wconf 83' lang='lat' dir='ltr'>Litora</span> <span class='ocrx_word' id='word_1_216' title='bbox 619 4027 652 4077; x_wconf 80' lang='lat' dir='ltr'>‘u&#39;</span> <span class='ocrx_word' id='word_1_217' title='bbox 670 4029 750 4079; x_wconf 87' lang='lat' dir='ltr'>certa.</span> <span class='ocrx_word' id='word_1_218' title='bbox 775 4025 830 4078; x_wconf 86' lang='lat' dir='ltr'>Lit.</span> <span class='ocrx_word' id='word_1_219' title='bbox 852 4027 886 4077; x_wconf 84' lang='lat' dir='ltr'>‘x&#39;</span> <span class='ocrx_word' id='word_1_220' title='bbox 905 4025 993 4078; x_wconf 82' lang='lat' dir='ltr'>fracta</span> <span class='ocrx_word' id='word_1_221' title='bbox 1016 4024 1122 4093; x_wconf 87' lang='lat' dir='ltr'>quidem</span> <span class='ocrx_word' id='word_1_222' title='bbox 1146 4029 1201 4089; x_wconf 87' lang='lat' dir='ltr'>est,</span> <span class='ocrx_word' id='word_1_223' title='bbox 1224 4024 1272 4077; x_wconf 86' lang='lat' dir='ltr'>sed</span> <span class='ocrx_word' id='word_1_224' title='bbox 1298 4027 1365 4078; x_wconf 88' lang='lat' dir='ltr'>satis</span> 
     </span>
     <span class='ocr_line' id='line_1_30' title="bbox 126 4107 1365 4178; baseline -0.006 -10"><span class='ocrx_word' id='word_1_225' title='bbox 126 4119 204 4168; x_wconf 88' lang='lat' dir='ltr'>clare</span> <span class='ocrx_word' id='word_1_226' title='bbox 224 4109 368 4176; x_wconf 85' lang='lat' dir='ltr'>utriusque</span> <span class='ocrx_word' id='word_1_227' title='bbox 388 4107 475 4160; x_wconf 89' lang='lat' dir='ltr'>lineae</span> <span class='ocrx_word' id='word_1_228' title='bbox 493 4109 608 4176; x_wconf 87' lang='lat' dir='ltr'>vestigia</span> <span class='ocrx_word' id='word_1_229' title='bbox 625 4111 738 4178; x_wconf 89' lang='lat' dir='ltr'>perspici</span> <span class='ocrx_word' id='word_1_230' title='bbox 755 4114 873 4178; x_wconf 88' lang='lat' dir='ltr'>possunt.</span> <span class='ocrx_word' id='word_1_231' title='bbox 888 4109 957 4174; x_wconf 85' lang='lat'>-8)</span> <span class='ocrx_word' id='word_1_232' title='bbox 976 4107 1063 4163; x_wconf 91' lang='lat' dir='ltr'>Dubio</span> <span class='ocrx_word' id='word_1_233' title='bbox 1081 4113 1182 4164; x_wconf 85' lang='lat' dir='ltr'>carent.</span> <span class='ocrx_word' id='word_1_234' title='bbox 1201 4139 1234 4148; x_wconf 90' lang='lat'>—</span> <span class='ocrx_word' id='word_1_235' title='bbox 1246 4112 1272 4173; x_wconf 85' lang='grc'>9)</span> <span class='ocrx_word' id='word_1_236' title='bbox 1292 4110 1365 4162; x_wconf 78' lang='lat' dir='ltr'>Mo..-</span> 
     </span>
     <span class='ocr_line' id='line_1_31' title="bbox 126 4191 1363 4261; baseline 0 -13"><span class='ocrx_word' id='word_1_237' title='bbox 126 4199 211 4261; x_wconf 56' lang='grc' dir='ltr'>’Μὴ</span> <span class='ocrx_word' id='word_1_238' title='bbox 244 4197 275 4248; x_wconf 89' lang='lat' dir='ltr'>at</span> <span class='ocrx_word' id='word_1_239' title='bbox 307 4191 343 4245; x_wconf 82' lang='lat' dir='ltr'>‘n’</span> <span class='ocrx_word' id='word_1_240' title='bbox 371 4195 474 4245; x_wconf 86' lang='lat' dir='ltr'>certum</span> <span class='ocrx_word' id='word_1_241' title='bbox 504 4193 623 4258; x_wconf 60' lang='lat' dir='ltr'>videtum</span> <span class='ocrx_word' id='word_1_242' title='bbox 656 4195 707 4247; x_wconf 84' lang='lat' dir='ltr'>‘ro&#39;</span> <span class='ocrx_word' id='word_1_243' title='bbox 735 4196 823 4248; x_wconf 90' lang='lat' dir='ltr'>miuus</span> <span class='ocrx_word' id='word_1_244' title='bbox 849 4200 922 4248; x_wconf 87' lang='lat' dir='ltr'>clara</span> <span class='ocrx_word' id='word_1_245' title='bbox 953 4193 1060 4261; x_wconf 86' lang='lat' dir='ltr'>quidem</span> <span class='ocrx_word' id='word_1_246' title='bbox 1084 4199 1165 4258; x_wconf 89' lang='lat' dir='ltr'>sunt,</span> <span class='ocrx_word' id='word_1_247' title='bbox 1198 4194 1243 4247; x_wconf 86' lang='lat' dir='ltr'>sed</span> <span class='ocrx_word' id='word_1_248' title='bbox 1268 4195 1308 4248; x_wconf 87' lang='lat' dir='ltr'>ita</span> <span class='ocrx_word' id='word_1_249' title='bbox 1333 4199 1363 4248; x_wconf 92' lang='lat' dir='ltr'>ut</span> 
     </span>
     <span class='ocr_line' id='line_1_32' title="bbox 125 4276 1365 4350; baseline -0.005 -12"><span class='ocrx_word' id='word_1_250' title='bbox 125 4281 254 4350; x_wconf 85' lang='lat' dir='ltr'>vestigia</span> <span class='ocrx_word' id='word_1_251' title='bbox 278 4277 346 4331; x_wconf 85' lang='lat' dir='ltr'>bene</span> <span class='ocrx_word' id='word_1_252' title='bbox 369 4276 528 4330; x_wconf 84' lang='lat' dir='ltr'>conveniant</span> <span class='ocrx_word' id='word_1_253' title='bbox 555 4281 583 4330; x_wconf 87' lang='lat' dir='ltr'>et</span> <span class='ocrx_word' id='word_1_254' title='bbox 606 4279 775 4332; x_wconf 87' lang='lat' dir='ltr'>confirmetur</span> <span class='ocrx_word' id='word_1_255' title='bbox 802 4279 871 4348; x_wconf 89' lang='lat' dir='ltr'>quod</span> <span class='ocrx_word' id='word_1_256' title='bbox 892 4278 1038 4332; x_wconf 79' lang='lat' dir='ltr'>Buecheler</span> <span class='ocrx_word' id='word_1_257' title='bbox 1059 4281 1207 4333; x_wconf 86' lang='lat' dir='ltr'>coniecerat</span> <span class='ocrx_word' id='word_1_258' title='bbox 1232 4281 1310 4334; x_wconf 78' lang='lat' dir='ltr'>‘ros&#39;.</span> <span class='ocrx_word' id='word_1_259' title='bbox 1330 4310 1365 4318; x_wconf 94' lang='lat'>—</span> 
     </span>
     <span class='ocr_line' id='line_1_33' title="bbox 128 4359 1241 4431; baseline -0.002 -12"><span class='ocrx_word' id='word_1_260' title='bbox 128 4370 172 4428; x_wconf 87' lang='grc'>10)</span> <span class='ocrx_word' id='word_1_261' title='bbox 193 4365 272 4420; x_wconf 75' lang='lat' dir='ltr'>Mus.</span> <span class='ocrx_word' id='word_1_262' title='bbox 299 4359 393 4414; x_wconf 80' lang='lat' dir='ltr'>Veron.</span> <span class='ocrx_word' id='word_1_263' title='bbox 408 4377 439 4428; x_wconf 80' lang='lat' dir='ltr'>p.</span> <span class='ocrx_word' id='word_1_264' title='bbox 457 4363 521 4414; x_wconf 80' lang='lat'>262.</span> <span class='ocrx_word' id='word_1_265' title='bbox 556 4360 598 4414; x_wconf 82' lang='lat' dir='ltr'>Cf.</span> <span class='ocrx_word' id='word_1_266' title='bbox 617 4362 745 4431; x_wconf 67' lang='lat' dir='ltr'>Benenate,</span> <span class='ocrx_word' id='word_1_267' title='bbox 762 4381 830 4418; x_wconf 78' lang='lat' dir='ltr'>mus.</span> <span class='ocrx_word' id='word_1_268' title='bbox 849 4363 943 4418; x_wconf 78' lang='lat' dir='ltr'>Kirclc.</span> <span class='ocrx_word' id='word_1_269' title='bbox 959 4363 1040 4418; x_wconf 77' lang='lat' dir='ltr'>inser.</span> <span class='ocrx_word' id='word_1_270' title='bbox 1054 4381 1084 4431; x_wconf 78' lang='lat' dir='ltr'>p.</span> <span class='ocrx_word' id='word_1_271' title='bbox 1103 4368 1139 4418; x_wconf 73' lang='grc'>48</span> <span class='ocrx_word' id='word_1_272' title='bbox 1155 4383 1182 4418; x_wconf 83' lang='lat' dir='ltr'>n.</span> <span class='ocrx_word' id='word_1_273' title='bbox 1199 4369 1241 4418; x_wconf 91' lang='lat'>99.</span> 
     </span>
    </p>
   </div>
   <div class='ocr_carea' id='block_1_10' title="bbox 0 0 1668 5356">
    <p class='ocr_par' dir='ltr' id='par_1_12' title="bbox 0 0 1668 5356">
     <span class='ocr_line' id='line_1_34' title="bbox 0 0 1668 5356; baseline 0 1"><span class='ocrx_word' id='word_1_274' title='bbox 0 0 1668 5356; x_wconf 95' lang='lat' dir='ltr'> </span> 
     </span>
    </p>
   </div>
  </div>
 </body>
</html>
