3330 5400
613 383 698 452 Leges
720 383 816 451 regiae.

575 593 609 650 b.
641 593 852 650 Familia.

190 725 237 788 10.
262 727 362 790 Dion.
392 727 435 804 (2,
456 729 554 803 27):l
584 725 620 790 ἐκ
648 729 719 790 τιῦν
750 728 849 808 Νομᾶ
876 761 919 769 -
948 722 1082 808 νόμων,
1121 723 1157 786 ἐν
1194 717 1244 798 οἷς
1273 722 1325 786 καὶ

104 820 207 908 οὗτος
229 830 420 913 γέγραπται·
444 826 503 892 ἐὰν
526 827 636 912 πατὴρ
660 826 723 911 νῖιγῖ
746 824 937 912 συγχωρήσῃ
964 839 1107 910 γυναῖκα
1136 819 1329 910 ἀγαγέσθαι,

104 929 275 997 κοινωνὸν
298 931 456 1014 ἐσομένην
483 927 583 1013 ἱερῶν
614 954 649 995 τε
677 931 733 994 καὶ
763 925 944 1014 χρημάτων
971 927 1058 992 κατὰ
1083 926 1164 1002 τοὺς
1194 921 1329 1012 νόμους,

103 1035 221 1119 μηκέτι
243 1031 305 1114 τὴν
327 1033 479 1111 ἐξουσίαν
503 1029 589 1097 εἶναι
611 1039 662 1117 τῷ
684 1035 787 1117 πατρὶ
809 1036 936 1096 πωλεῖν
959 1029 1022 1094 τὸν
1045 1026 1128 1094 οἶόν.

192 1135 239 1200 11.
264 1135 349 1199 Plut.
373 1135 499 1213 (Nerua,
525 1137 620 1217 12γεῖ
651 1133 696 1218 (Ὁ
722 1134 852 1218 Νομᾶς)
882 1131 924 1196 τὰ
953 1134 1063 1217 πένθη
1092 1127 1169 1198 καθ’
1202 1129 1330 1216 ἡλικίας

106 1239 162 1302 καὶ
182 1235 325 1320 χρόνους
347 1235 478 1316 ἔταξεν,
510 1232 585 1302 οἷον
615 1236 721 1301 παῖδα
744 1235 788 1321 μὴ
810 1242 952 1300 πενθεῖν
974 1231 1143 1317 νεώτερον
1165 1238 1329 1318 τριετοῦς,

104 1340 186 1424 μηδὲ
214 1331 442 1422 πρεσβύτερον
469 1340 627 1415 πλείονας
656 1345 763 1424 μῆνας
792 1329 842 1402 ὧν
872 1337 1009 1418 ἐβίωσεν
1039 1337 1204 1402 ἐνιαυτῶν
1233 1337 1329 1420 με’γρι

105 1447 176 1505 ταῖν
199 1442 287 1518 δέκα,
309 1441 362 1505 καὶ
387 1442 574 1525 περαιτέρω
596 1442 757 1526 μηδεμίαν
779 1438 920 1526 ἡλικίαν,
943 1477 985 1485 -
1007 1434 1055 1520 ἐφ’
1082 1429 1165 1503 ὅσον
1181 1435 1329 1522 (χρόνον)

103 1544 158 1606 καὶ
174 1540 372 1628 χιγρεῦοοσιν
405 1541 438 1607 αἱ
472 1547 542 1607 τῶν
571 1540 824 1608 ἀποθανόντων
851 1555 1014 1626 γυναῖκες·
1041 1538 1061 1626 ἡ
1089 1541 1124 1605 δὲ
1155 1537 1327 1624 πρότερον

101 1650 287 1728 γαμηθεῖσα
309 1648 394 1724 βοῦν
416 1642 584 1730 ἐγκύμονα
606 1645 774 1709 κατέθοεν
796 1646 927 1710 ἐκεῖνον
950 1639 1256 1728 νομοθετήσαντος.

503 1885 532 1926 e.
556 1871 639 1926 Jus
664 1869 918 1936 publicum.

192 1983 239 2046 12.
267 1985 300 2050 Sr
318 2008 366 2057 nur
379 2007 512 2049 nunnnnrr
526 2005 653 2048 nreanunr
672 2006 744 2047 nune
758 2005 853 2046 semus
872 2005 959 2046 nrennr
973 2005 1048 2053 eurr,
1067 2005 1214 2046 erraremus
1229 1984 1326 2048 nsre.³

191 2085 239 2151 13.
262 2086 394 2152 Seruius
416 2088 463 2163 (ιίι
491 2087 577 2168 Verp.
605 2087 669 2150 duc
691 2085 800 2168 4,43).·’
830 2086 867 2149 In
889 2086 1013 2150 Numae
1042 2086 1166 2166 legibus
1194 2090 1324 2148 cautum

103 2192 163 2267 est,
187 2194 224 2252 ut
254 2189 280 2252 si
308 2189 380 2268 quis
404 2181 590 2268 imprudens
613 2187 781 2252 occidisset
807 2188 981 2266 huminem,
1010 2205 1067 2266 pre
1096 2185 1202 2266 eapite
1229 2186 1325 2250 eccisi
1357 2211 1361 2216 ·

102 2290 230 2372 aquatis
254 2291 323 2354 eius
345 2290 378 2353 in
402 2291 566 2354 ecrceinne4
588 2288 715 2376 offerret
738 2291 897 2354 arietem.⁵

12 2469 14 2478 Ι
190 2391 238 2453 14.
261 2392 435 2457 Marcellus
457 2393 477 2456 l.
499 2396 548 2456 28*
563 2392 625 2481 clip.
648 2391 704 2472 (D.
728 2393 863 2474 11‚8‚2):
885 2392 992 2472 Negat
1010 2391 1060 2455 lex
1082 2391 1187 2470 regie,
1210 2389 1323 2452 mulie·

12 2573 15 2582 .
100 2512 182 2572 rem,
216 2513 299 2574 qnae
331 2513 514 2575 praegnans
543 2499 668 2559 mortua
691 2495 743 2573 sit,
774 2494 916 2571 humari,
944 2498 1118 2574 antequam
1150 2496 1262 2572 partus
1293 2492 1323 2555 ei

101 2596 284 2674 excidatur3
308 2597 364 2678 qui
387 2601 499 2660 centra
522 2595 643 2675 iecerit,
668 2615 757 2678 spem
779 2596 953 2666 animantis
977 2615 1049 2659 cunr
1072 2594 1208 2675 gravida
1231 2611 1323 2674 pere-

98 2697 196 2762 misse
220 2697 356 2762 videtur.
917 2761 919 2765 ,

187 2797 234 2862 15.
258 2799 359 2864 Fert:
394 2801 506 2864 Aliuta
533 2801 659 2881 antiqui
692 2800 842 2864 dicebant
877 2818 935 2880 pre
963 2800 1057 2864 aliter
1079 2819 1134 2876 —3
1167 2799 1240 2862 hine
1273 2802 1321 2860 est

12 2895 15 2978 J
97 2901 179 2964 illud
202 2901 235 2964 in
257 2901 383 2982 legibus
405 2901 542 2966 Numae:
566 2925 593 2964 sr
607 2925 750 2974 quisqnnrn
764 2924 869 2966 aarum
882 2925 972 2974 rann,
987 2923 1062 2965 rasos
1077 2921 1319 2964 ruvrsnennnsre.

14 3151 17 3156 '
166 3086 191 3148 1)
210 3088 233 3152 (e
266 3085 370 3152 legibus
392 3085 509 3148 Numae,
537 3087 563 3138 in
589 3086 684 3153 quibus
716 3087 798 3139 etiam
824 3075 889 3138 haee
908 3088 949 3138 est
968 3086 1078 3153 scripta:
1111 3084 1133 3135 si
1165 3088 1241 3150 pater
1267 3083 1322 3136 filie

12 3171 14 3234 ᾗ
95 3171 247 3236 permiserit
286 3185 391 3221 uxorem
431 3168 538 3236 ducere,
578 3186 645 3238 quae
672 3187 702 3222 ex
729 3170 834 3236 legibus
862 3170 994 3238 particeps
1020 3171 1056 3222 sit
1083 3172 1110 3223 et
1137 3183 1268 3220 sacrorum
1295 3171 1322 3220 et

95 3255 233 3317 benorum,
251 3254 322 3322 patri
348 3269 401 3306 non
418 3253 532 3319 amplius
547 3253 588 3305 ius
607 3270 671 3306 esse.
690 3255 774 3308 filium
800 3253 948 3316 vendendi.)
966 3252 1006 3308 Cf.
1024 3253 1099 3305 Pur.
1119 3253 1211 3304 Νιιιιια
1230 3253 1270 3305 17.
1289 3281 1322 3288 —-
1342 3279 1345 3286 ·

95 3341 121 3392 2l
149 3339 247 3404 (Numa
275 3337 390 3391 officinm
413 3336 522 3405 lugendi
548 3338 690 3391 secundnm
718 3341 821 3391 aetates
842 3337 1000 3400 constitnit,
1027 3340 1058 3390 ut
1084 3352 1193 3403 puerum
1212 3336 1322 3389 trimule

12 3425 20 3496 ζ’
96 3425 227 3477 minorem
258 3439 291 3476 ne
322 3423 380 3491 quis
412 3423 518 3488 lugeat,
551 3423 676 3476 maiorem
711 3439 744 3475 ne
775 3423 864 3488 plures
897 3438 1012 3484 menses,
1050 3437 1129 3488 quam
1156 3421 1206 3492 ¹ille
1239 3437 1321 3473 annos

16 3498 17 3506 ¹
94 3510 203 3574 vixerit,
233 3524 316 3576 usque
348 3508 382 3560 ad
413 3506 516 3562 decern:
549 3523 596 3560 nee
627 3523 785 3575 quemquam
816 3506 897 3558 ullius
924 3507 1023 3559 aetatis
1049 3507 1129 3560 ultra.
1174 3506 1224 3558 Per
1252 3505 1321 3572 quod

96 3594 213 3662 spatium
232 3593 320 3646 viduis
337 3608 439 3662 quoqne
462 3591 616 3646 asecundis
642 3593 742 3658 nuptiis
769 3590 958 3646 abstinendum
985 3595 1026 3645 est
1033 3612 1040 3656 3
1068 3595 1095 3645 et
1121 3591 1144 3644 si
1171 3607 1222 3658 qua
1249 3589 1322 3658 prius

14 3745 18 3755 v
96 3679 227 3747 nupserit,
245 3679 338 3732 bovem
356 3678 440 3732 fet-am
457 3677 593 3730 immolare
611 3676 725 3731 debebat
744 3693 774 3729 ex
793 3677 866 3730 illius
885 3677 961 3742 lege).
980 3676 1020 3730 uf.
1045 3677 1102 3730 Vnt.
1119 3677 1155 3744 fr.
1174 3680 1236 3730 320.
1255 3679 1322 3729 321:

96 3763 229 3830 ‘Lugendi
253 3766 316 3816 sunt
338 3765 464 3830 parentes
487 3779 567 3825 anno,
590 3762 668 3816 liberi
690 3763 802 3815 maiores
820 3762 845 3814 X
863 3777 989 3814 annorum
1011 3778 1092 3830 aeque
1109 3777 1178 3814 anne
1197 3761 1232 3828 (X
1250 3777 1323 3814 men·

14 3915 18 3927 ⁹
96 3849 189 3915 sium),
212 3849 400 3902 minoresstot
424 3847 570 3906 mensibus,
594 3850 658 3914 quot
679 3863 805 3900 annerum
829 3846 989 3899 decesserint
1012 3863 1094 3916 nsque
1117 3847 1150 3899 ad
1168 3847 1322 3906 trimatum;

12 3931 18 3992 ’ἶ
95 3935 183 3988 minor
201 3933 282 3988 trime
299 3949 351 3985 nun
369 3933 479 4002 lugetur
496 3933 542 3985 sed
561 3932 728 3999 sublugetnr,
746 3933 831 3985 minor
848 3930 970 3984 anniculo
988 3935 1072 3999 neque
1091 3931 1264 4000 sublngetur.'
1288 3963 1322 3970 -—

12 4007 18 4079 ³]
97 4022 123 4084 3)
143 4019 216 4074 Fert.
236 4017 387 4071 Parrici-
402 4017 545 4070 ‘Parricida
558 4033 610 4069 nnn
628 4019 719 4083 utique
738 4017 769 4081 is,
787 4017 832 4084 qui
851 4018 987 4082 parentem
1007 4017 1155 4085 occidisset,
1178 4017 1322 4080 dicebatur,

12 4090 25 4185 ³¹¹:
96 4103 142 4158 sed
166 4103 376 4171 qualemcunque
399 4101 530 4154 hominem
549 4101 741 4154 indemnatum.
777 4101 821 4152 lta
839 4101 919 4153 inisse
946 4101 1048 4155 indicat
1066 4104 1107 4156 lex
1126 4102 1228 4156 Numae
1245 4101 1322 4154 Pom·

16 4182 25 4206 *¹
95 4189 156 4256 pilii
192 4187 264 4253 regis
291 4187 333 4238 his
360 4187 503 4254 composita
529 4185 631 4239 verbis:
665 4191 698 4236 ‘sr
716 4200 764 4244 err
782 4214 815 4223 —
833 4186 915 4236 nsno’.
953 4187 993 4240 Of.
1021 4187 1085 4256 Lep.
1114 4188 1191 4242 Rem.
1217 4191 1261 4240 12.
1289 4217 1321 4224 -κ

17 4267 26 4279 ‘
94 4275 120 4329 4)
142 4273 185 4325 lta
203 4272 230 4326 J.
249 4271 383 4333 Huschke,
401 4287 447 4339 pro
465 4274 501 4323 ‘et
518 4269 780 4323 natis—cautione'.
791 4299 824 4306 -
841 4272 866 4325 ὃ)
886 4269 923 4324 cf.
937 4269 1010 4340 Verq.
1018 4289 1109 4341 peorq.
1123 4276 1147 4337 3,
1157 4275 1223 4324 387:
1243 4271 1321 4338 ‘apud

21 4343 24 4376 ³
96 4358 211 4410 maiores
229 4355 365 4408 homicidii
383 4370 492 4422 poenam
511 4353 604 4406 noxius
621 4353 713 4406 arietis
732 4353 827 4406 damno
844 4355 950 4423 luebat,
974 4357 1043 4424 qued
1060 4357 1088 4409 in
1106 4371 1198 4424 regum
1216 4355 1321 4424 legibus

12 4429 25 4472 θ’
95 4441 214 4508 legitur'.
