3328 5356
327 443 392 508 240
863 439 1019 509 Scriptores.

329 615 519 692 Curiales,
543 613 686 678 eiusdem
708 613 826 690 euriae,
849 615 887 674 ut
909 610 1046 676 tribules
1068 616 1112 675 et'
1124 612 1310 692 municipes
1356 610 1395 676 P.-
1415 616 1468 678 49.

331 714 506 781 Curiales
523 713 712 793 flammae,
735 713 899 778 curiarum
915 713 1112 778 sacerdotes.
1158 713 1193 778 P.
1215 718 1266 778 64.

330 817 520 882 Curionis
542 833 646 894 sacra,
669 832 752 896 quae
774 815 807 878 in
830 814 927 878 curiis
949 811 1078 880 fiebant.
1123 813 1159 879 P.
1181 819 1236 879 62.
1403 841 1404 844 ¹
1639 862 1640 900 ,

330 918 566 984 Curionium
589 935 645 982 aes
668 917 847 996 dicebatur,
871 916 955 997 quod
979 916 1119 981 dabatur
1136 918 1260 982 rumoni
1278 917 1319 984 ob
1334 916 1549 982 sacerdotium
1639 911 1640 936 ¹

330 1023 525 1088 ourionatus
570 1017 606 1081 P.
631 1021 683 1081 49.

330 1123 444 1188 (luris
466 1127 517 1186 est
539 1119 660 1185 Sabine
682 1119 788 1198 basta,
811 1119 897 1184 unde
919 1119 1075 1184 Romulus
1093 1118 1257 1200 Quirinus
1281 1121 1358 1201 quia
1381 1137 1452 1184 earn
1470 1117 1550 1184 lere-

330 1227 388 1291 bat
409 1247 467 1304 -3
495 1222 626 1304 quidam
654 1240 727 1286 eum
758 1221 880 1285 dictum
902 1225 1022 1301 putant
1044 1240 1064 1286 a
1087 1219 1239 1300 Curibus,
1264 1239 1347 1302 quae
1370 1219 1432 1285 iuit
1454 1222 1551 1286 urbs.

331 1326 533 1393 Sabinorum.
578 1323 613 1388 Ρ.
637 1325 690 1386 49.

332 1428 498 1493 Carales
513 1425 725 1506 magistratus
739 1424 896 1504 appellati
912 1430 997 1504 sunt,
1014 1425 1091 1506 quia
1107 1442 1204 1488 curru
1219 1415 1432 1490 vehebantur.
1457 1423 1552 1490 Rea.

332 1528 583 1594 Custodolam
603 1525 754 1592 dicebant
769 1526 903 1606 antiqui,
913 1545 1009 1607 quam
1021 1543 1106 1590 nunc
1116 1526 1252 1590 dicimus
1262 1524 1552 1590 custodiendiae
1640 1593 1641 1604 ,

331 1631 491 1695 Decima
515 1646 662 1710 quaeque
685 1633 812 1692 ueteres
836 1628 897 1692 diis
919 1629 987 1692 suis
1009 1626 1197 1694 offerebant.
1240 1626 1276 1691 Ρ.
1300 1633 1351 1692 71.

333 1731 571 1796 Decimanus
598 1728 783 1809 appellatur
804 1729 905 1807 limes,
929 1729 984 1808 qui
1006 1727 1106 1793 fit-ab
1129 1734 1202 1794 ortu
1224 1730 1301 1794 solia
1325 1730 1367 1794 ad
1390 1747 1552 1808 occasum
1640 1753 1641 1816 ᾗ

334 1825 417 1898 alter
440 1851 478 1896 en
500 1837 687 1896 transverso
706 1847 837 1894 currens
860 1829 1045 1911 appellatur
1062 1832 1168 1896 cardo.
1196 1831 1231 1896 P.
1248 1835 1299 1896 71.
1328 1838 1553 1904 (16616164.)

333 1935 573 2000 Deminutus
603 1932 773 2011 capitor,
805 1931 861 2011 qui
883 1932 1017 1997 civitate
1038 1937 1186 1998 mutatus
1209 1938 1274 2012 est;
1304 1938 1338 1997 et
1361 1951 1399 1998 ex
1422 1933 1490 1998 alia
1512 1931 1554 1997 fa·

334 2037 422 2100 milia
444 2036 484 2108 in,
500 2033 599 2099 aliam
623 2033 815 2113 adopt-atum
840 2037 873 2097 et
896 2034 951 2115 qui
974 2034 1056 2099 liber
1079 2035 1175 2099 alteri
1197 2035 1357 2116 mancipio
1378 2035 1475 2100 datus
1494 2041 1553 2112 est;
1641 2085 1642 2094 ,

334 2145 367 2202 et
398 2139 453 2218 qui
482 2138 515 2201 in
545 2135 685 2200 hostium
715 2129 912 2215 potestatem
935 2137 1037 2214 venit;
1069 2141 1103 2200 et
1124 2137 1176 2200 eui
1198 2153 1282 2218 aqua
1303 2137 1436 2217 ignique
1458 2137 1554 2200 inter·
1641 2151 1642 2218 l

334 2241 456 2306 dietum
480 2244 540 2302 est.
585 2236 620 2302 Ρ.
643 2240 693 2300 76.

333 2339 596 2420 Ilepeculatus
619 2355 638 2401 a
660 2355 776 2418 pecore
792 2338 925 2416 dieitur3
949 2340 1004 2420 qui
1023 2340 1108 2404 enim
1127 2339 1281 2420 populum
1299 2337 1444 2418 fraudat,
1461 2357 1554 2420 pecu-

332 2443 420 2506 latus
443 2459 547 2522 poena
571 2445 712 2504 tenetur.
757 2439 791 2502 P.
816 2445 864 2504 75.

333 2545 552 2624 Depontani
571 2564 724 2627 senes-,
736 2549 792 2628 qui
810 2545 1014 2626 sexagenarii
1034 2545 1074 2610 de
1091 2549 1189 2626 ponte
1205 2543 1451 2608 deliciabantur.
1463 2543 1555 2608 Ρ.75.

332 2647 530 2727 Denegare
553 2649 685 2728 proprie
707 2655 766 2728 est,
791 2669 863 2713 cum
886 2649 965 2728 quid
988 2666 1025 2711 on
1047 2649 1119 2729 lege
1141 2652 1260 2726 vetere,
1283 2664 1345 2726 quo
1364 2647 1471 2710 minus
1489 2644 1553 2726 liat,

332 2748 479 2811 sancitur
501 2747 573 2828 lege
598 2767 694 2828 nova;
717 2750 877 2830 derogare
899 2767 975 2829 ergo
999 2748 1169 2813 detrahere
1192 2752 1251 2812 est.
1297 2746 1333 2811 Ρ.
1357 2751 1409 2810 69.

331 2846 572 2912 Differeetio
594 2867 697 2930 genus
720 2855 792 2914 erat
814 2847 975 2926 sacrificii,
1007 2866 1070 2929 quo
1093 2850 1179 2914 inter
1201 2849 1306 2913 virum
1330 2854 1363 2914 et
1385 2849 1552 2914 mulierem
1642 2913 1643 2924 ,

331 2949 431 3014 tiebat
450 2950 628 3030 dissolutio,
647 2951 735 3016 dieta
755 2937 962 3029 diffarreatio,
982 2951 1057 3031 quia
1074 2948 1174 3016 fiebat
1191 2949 1297 3016 iarreo
1316 2950 1382 3014 libo
1398 2951 1552 3016 adhibito.

209 3027 214 3040 ”
331 3050 366 3116 Ρ.
388 3054 440 3116 74.

329 3153 510 3217 Dirutum
541 3171 629 3218 aere
660 3155 795 3220 militem
819 3154 972 3219 dicebant
994 3153 1147 3235 antiqui,
1167 3152 1217 3218 eui
1241 3153 1440 3234 stipendium
1464 3156 1551 3237 igno·

329 3255 449 3319 miniae
472 3273 571 3320 eausa
593 3275 656 3320 non
675 3263 746 3321 erat
765 3258 888 3336 datum,
908 3256 993 3337 quod
1014 3273 1068 3321 aes
1089 3256 1279 3320 diruebatur
1297 3255 1329 3319 in
1348 3253 1472 3336 liscum,
1491 3273 1549 3319 non

329 3357 361 3420 in
385 3356 495 3421 militis
518 3359 688 3423 sacculum.
733 3357 768 3424 Ρ.
792 3361 843 3422 69.

328 3457 576 3523 Disertiones
600 3459 773 3524 divisiones
796 3459 1064 3540 patrimoniorum
1077 3459 1173 3522 ¹inter
1195 3463 1368 3523 consortes.
1413 3459 1449 3522 P.
1471 3464 1520 3523 72.

328 3558 644 3640 Dispensatores
672 3561 763 3641 dieti,
788 3561 844 3642 qui
868 3579 922 3626 aes
946 3566 1120 3641 pensantes
1143 3560 1383 3640 expendebant,
1408 3579 1473 3626 non
1495 3561 1549 3624 ad·

327 3663 549 3726 numerabant.
594 3667 629 3728 P.
651 3667 704 3727 72.

326 3763 414 3826 Doli
444 3763 636 3828 vocabulum
667 3783 751 3829 nunc
780 3770 908 3828 tantum
938 3765 970 3828 in
1002 3763 1096 3828 malis
1118 3765 1268 3843 utimur,
1287 3763 1375 3842 apud
1399 3763 1546 3844 antiquos

327 3878 436 3928 autem
461 3865 559 3929 etiam
582 3867 615 3929 in
638 3867 729 3932 bonis
752 3867 849 3931 rebus
869 3865 1029 3930 utebatur.
1074 3865 1108 3930 P.
1131 3869 1182 3928 69.
1533 3857 1537 3872 ’

326 3965 541 4030 Duioensus
564 3967 735 4033 dicebatur
758 3987 830 4032 eum
852 3969 965 4046 altero,
987 3968 1006 4031 i.
1025 3985 1057 4030 e.
1082 3985 1155 4030 eum
1177 3964 1252 4044 lilio,
1276 3983 1399 4030 consus.
1440 3965 1476 4028 P.
1494 3966 1543 4026 66.

326 4065 700 4148 Duplionemantiqui
713 4069 874 4148 dicebant,
891 4069 976 4148 quod
991 4086 1050 4132 nos
1062 4068 1205 4148 duplum.
1223 4066 1257 4130 Ρ.
1268 4071 1317 4130 66.
1329 4064 1431 4149 (ΧΠ,
1442 4070 1492 4144 22,
1502 4063 1544 4143 3.)

325 4167 510 4232 Eiuratio
533 4169 710 4250 significat,
740 4171 786 4248 id,
818 4171 902 4250 quod
926 4171 1141 4248 desideretur,
1171 4187 1234 4233 non
1261 4185 1355 4248 posse
1378 4164 1541 4248 praestari.

325 4269 476 4334 Plautus:
496 4267 661 4334 ‘Eiuravit
683 4271 861 4336 militiamf.
907 4271 943 4335 P.
965 4277 1014 4335 77.

325 4368 352 4431 E
362 4389 407 4448 m,
432 4375 509 4434 tum.
554 4371 589 4434 P.
613 4375 664 4435 76.
709 4372 774 4436 Em
797 4390 855 4452 pro
878 4391 961 4451 enm,
985 4375 1025 4437 ab
1050 4391 1096 4450 eo,
1121 4371 1205 4452 quod
1229 4376 1280 4435 est
1298 4366 1357 4434 ‘is'
1388 4370 1437 4433 Ρ.
1458 4373 1505 4432 77.

324 4469 575 4551 Emancipati
597 4509 640 4519 -
661 4474 975 4555 intelleguntur-aut
993 4474 1026 4550 ii,
1046 4474 1101 4553 qui
1119 4491 1158 4537 ex
1175 4473 1279 4552 patris
1298 4473 1368 4537 iure
1388 4471 1538 4543 exierunt,
