3330 5400
528 389 616 456 Leges
634 385 689 440 XII
707 389 869 444 tabularum.

565 584 739 649 TABULA
763 585 808 649 X¹

178 727 204 793 Ῑ.
234 728 379 791 HOMINEM
392 745 533 788 MORTUUM
546 746 576 786 IN
590 745 664 786 URBE
679 745 864 786 unsaramma
879 746 953 787 NEVE
968 745 1060 784 URITO.

171 830 200 890 2.
227 878 233 891 .
253 877 260 890 .
281 876 287 890 .
310 849 365 889 noc
379 849 448 888 rnre
462 847 500 887 us
513 849 624 889 rncrro:
640 849 738 890 uocum
752 848 839 889 asena
852 848 889 888 un
902 847 1008 888 ronrro.

171 928 201 992 3.
225 928 290 993 Cic.
312 925 362 1008 (cte
384 927 442 1009 lep.
465 933 498 1006 2,
521 933 588 1010 23)·
605 929 790 994 Extenuato
813 930 915 1009 igitur
937 929 1080 1008 sumptu,
1103 925 1233 990 tribus
1258 928 1309 990 ri-

85 1031 202 1095 ciniis
233 1033 271 1093 et
292 1029 468 1094 tunicula
497 1049 692 1110 purpurae
722 1036 759 1096 et
787 1030 920 1094 decem
944 1027 1186 1102 tibicinibus
1214 1028 1308 1104 tollit,

85 1133 185 1197 etiam
208 1131 477 1196 lamentationem.

172 1230 202 1292 4.
232 1232 384 1303 MULIERES
400 1256 489 1298 GENAS
505 1257 540 1296 ΝΕ
555 1258 694 1307 annuato,
708 1258 782 1300 NEVE
795 1257 904 1298 nussum
919 1256 1039 1296 FUNERIS
1053 1254 1127 1295 ERGO
1143 1252 1282 1295 uastare.

173 1332 200 1395 5.
236 1353 263 1398 a.
292 1335 407 1400 Hermu
420 1359 536 1400 norrun
550 1359 586 1400 ua
600 1361 668 1401 ossa
682 1361 791 1409 suerro.
806 1361 860 1410 ouo
874 1359 943 1401 rosr
956 1355 1047 1397 rurus
1061 1353 1169 1396 rncmr.

234 1435 263 1499 b.
288 1435 352 1501 Cic.
376 1437 409 1518 (i.
433 1438 482 1520 c.).·
503 1438 632 1519 Excipit
654 1441 801 1505 bellicam
824 1439 1090 1520 peregrinamque
1111 1440 1257 1500 mortem.

171 1535 200 1600 6.
235 1556 262 1602 a
287 1537 350 1603 Oto.
368 1539 401 1620 (l.
420 1541 470 1621 c.):
488 1540 577 1604 Haec
595 1547 767 1621 praeterea
783 1521 859 1606 sunt
877 1543 910 1605 in
928 1538 1055 1620 legibus
1078 1556 1128 1599 -:
1153 1539 1310 1602 serviIIs

83 1644 253 1703 unctura
275 1641 439 1704 tollitur
461 1645 627 1723 omnisque
650 1642 980 1723 circumpotatio;²
998 1675 1040 1684 -
1059 1657 1099 1701 nc
1120 1645 1308 1720 sumptuosa

82 1743 295 1822 respersio,
321 1761 362 1806 ne
388 1743 527 1824 longae
558 1764 726 1809 coronae
753 1763 811 1809 nec
843 1761 1004 1808 acerrae
1035 1745 1310 1822 praetercantur.³

82 1880 124 1888 -
147 1845 178 1909 b.
201 1843 302 1908 Fest:
331 1845 509 1908 Murrata
532 1847 688 1924 potione
711 1864 787 1909 usos
810 1845 979 1924 antiquoS,
1002 1843 1120 1906 indicio
1144 1848 1202 1922 est,
1226 1844 1309 1924 quod

83 1981 124 1989 -
149 1943 212 2007 XII
234 1945 301 2008 tab.
326 1953 467 2023 cavetur,
489 1981 531 1991 -
553 1965 592 2008 ne
616 1951 742 2011 mortuo
765 1945 905 2008 indatur.

154 2115 188 2164 X.
208 2113 230 2163 1.
251 2109 305 2164 Cic.
324 2110 365 2174 (de
382 2109 430 2179 lep.
448 2115 476 2178 2,
493 2114 538 2178 23,
547 2115 605 2170 oet:
624 2112 711 2166 ‘Vides
730 2132 793 2180 quac
803 2116 856 2164 sint
875 2115 905 2163 in
922 2113 1057 2177 pontificio
1067 2112 1131 2174 iure,
1150 2113 1193 2161 sed
1211 2099 1312 2176 quiaero,

83 2195 209 2259 quidnam
227 2193 263 2241 sit
281 2193 309 2240 iu
326 2193 442 2256 legibus?
461 2209 541 2240 -ea
560 2191 683 2242 nontam
701 2193 732 2241 ad
750 2192 902 2255 religionem
926 2197 1049 2254 spectent,
1072 2205 1146 2253 quam
1166 2189 1196 2236 ad
1215 2189 1256 2237 ius
1275 2205 1312 2236 se-

85 2271 248 2335 pulcrorum:
282 2279 413 2316 HOMINEM
441 2295 472 2302 —
499 2280 600 2332 Uarro,
626 2271 713 2334 inquit
734 2269 774 2318 Iex
793 2270 821 2316 in
844 2267 903 2316 XII.
935 2266 1014 2316 Credo
1037 2265 1076 2314 vel
1108 2275 1213 2328 propter
1239 2265 1311 2338 ignis

83 2338 247 2408 perieulum’.
1370 2401 1372 2404 Ι

156 2415 180 2466 2.
201 2413 254 2468 Ge'c.
274 2416 300 2480 (l.
320 2433 340 2470 c.
360 2420 417 2474 59).·
440 2417 503 2470 ‘Iam
521 2431 603 2472 cetera
621 2423 649 2470 in
667 2421 718 2471 XII
735 2415 869 2470 minuendi
894 2427 1011 2484 sumptus
1029 2429 1088 2470 sunt
1105 2417 1312 2468 lamentationis·

87 2511 136 2559 que
154 2493 277 2558 funebris,
295 2498 419 2547 translata
437 2498 466 2546 de
485 2497 587 2547 Solonis
605 2498 655 2547 sere
673 2498 787 2562 legibus:
806 2508 860 2546 Hoc
879 2523 912 2530 -
929 2491 1046 2546 Pomno'.

157 2567 182 2621 3.
202 2567 255 2621 Oto.
274 2569 299 2633 (I.
319 2573 364 2628 cd:
383 2572 481 2625 ‘Nostis
499 2591 562 2640 quae
577 2582 727 2641 sequuntur3
746 2576 905 2624 discebamus
923 2575 992 2624 enim
1002 2575 1077 2638 pueri
1088 2574 1148 2637 XII,
1166 2583 1194 2624 ut
1212 2590 1310 2623 cannen

88 2649 269 2712 necessarium,
292 2667 354 2715 quas
372 2651 425 2700 iam
443 2668 516 2700 nemo
535 2651 619 2700 discit.
639 2652 783 2700 Extenuato
806 2645 897 2715 igitur’
916 2651 961 2699 etc.
997 2645 1040 2700 Id.
1058 2651 1103 2714 25,
1121 2651 1170 2700 64:
1188 2648 1312 2715 ‘sumptu-

90 2744 155 2779 osa*
169 2728 258 2777 funera
281 2738 306 2778 ct
323 2729 521 2783 lamentabiIIa*
536 2730 638 2779 Solonis
657 2730 714 2793 Iege
733 2731 832 2779 sublata
851 2738 917 2792 sunt,
935 2730 1101 2794 quamlegem
1119 2731 1214 2780 eisdem
1232 2746 1328 2795 prope·

88 2806 173 2855 verbis
195 2806 277 2855 nostri
294 2805 372 2855 Xvici
395 2807 423 2855 in
446 2807 570 2856 decimam
594 2807 704 2856 tabulam
724 2808 898 2865 coniecerunt;
922 2823 981 2855 narn
1003 2807 1033 2856 de
1059 2808 1143 2857 tribus
1160 2807 1268 2856 reciniis
1287 2817 1311 2857 et

90 2881 210 2946 pleraque
229 2883 276 2931 iIIa
295 2883 397 2932 Solonis
416 2879 492 2934 sunt'.
529 2884 566 2934 df.
585 2878 657 2932 Fest.
693 2885 839 2934 Rapinium.
859 2879 931 2932 Non.
949 2884 1080 2936 Ricinum.

159 2955 183 3005 4.
204 2953 257 3008 Cic.
284 2954 311 3020 (l.
335 2971 356 3008 c.
383 2960 427 3024 25,
454 2959 511 3020 64).-
537 2958 583 3011 ‘De
605 2961 747 3015 lamentis„
762 2977 878 3026 expressa
900 2962 984 3011 verbis
1011 2971 1081 3012 sunt:
1115 2972 1255 3009 mutientes
1277 2986 1311 2993 -

88 3029 235 3083 nannum&
288 3031 361 3084 Ibid.
389 3033 442 3099 (23,
468 3037 527 3098 59).·
564 3035 643 3087 ‘tollit
669 3039 748 3087 etiam
774 3039 994 3088 lamentationem:
1030 3051 1171 3088 murmane
1197 3063 1231 3073 -·
1256 3049 1310 3084 rra-

88 3120 187 3156 Burtro.
213 3135 245 3143 -
267 3112 357 3160 Aelius
383 3113 477 3162 lassum
505 3116 578 3179 quasi
605 3115 740 3178 lugubrem
758 3115 938 3177 eiulationem,
962 3127 995 3170 ut,
1017 3133 1064 3166 vox
1082 3118 1142 3180 ipsa
1172 3115 1313 3178 sIgnifieat,

88 3185 156 3249 quod
174 3203 203 3234 eo
219 3189 303 3251 magis
322 3190 409 3238 iudico
427 3206 513 3240 verum
530 3209 591 3254 esse,
610 3191 672 3256 quia
688 3191 729 3240 Iex
747 3192 850 3240 Solonis
869 3191 996 3254 idipsum
1010 3187 1093 3243 vetat'.
1114 3186 1167 3239 Cic.
1178 3184 1266 3246 (Tuae.
1284 3188 1312 3251 2,

87 3261 150 3320 23).·
172 3258 254 3311 ‘fletus
272 3258 408 3328 (lessus?),
431 3281 505 3329 quem
522 3266 574 3315 XII
592 3267 641 3315 tab.
660 3267 690 3314 in
707 3267 838 3315 funeribus
859 3267 978 3314 adhiberi
1002 3265 1103 3318 vetant’.
1140 3263 1214 3315 Ptin.
1233 3266 1266 3326 (rt.
1285 3261 1311 3316 h.

88 3340 131 3402 11,
149 3339 192 3401 58,
210 3338 285 3398 157).·
317 3337 394 3390 ‘Infra
421 3342 506 3390 oculos
534 3343 616 3391 malae
644 3367 685 3405 ·-,
712 3359 773 3407 quas
800 3343 880 3407 prisci
909 3338 1003 3405 ‘genas’
1019 3346 1161 3407 uocabant,
1187 3343 1239 3392 XII
1261 3344 1334 3403 tab.¹

34 3483 36 3486 ¹
87 3416 226 3465 interdicto
243 3417 299 3465 radi
323 3419 460 3467 afeminis
482 3414 612 3469 vetantes'.
648 3413 721 3467 Serv.
740 3415 787 3482 (ad
804 3416 871 3468 Aen.
890 3419 934 3482 12,
952 3419 1029 3474 606).-
1056 3418 1166 3471 ‘oautum
1188 3422 1244 3484 lege
1261 3419 1313 3468 XII

87 3494 148 3554 tab,
170 3510 201 3542 ne
225 3494 343 3543 mulieres
367 3504 498 3560 carperent
520 3495 621 3560 faciem,
643 3496 686 3544 his
711 3494 805 3547 verbis:
834 3497 927 3545 mulier
950 3495 1041 3546 faciem
1065 3514 1096 3546 ne
1120 3491 1237 3559 carpito’.
1274 3495 1312 3544 Cf.

88 3564 162 3619 Fest.
181 3571 286 3620 Radere.
1150 3617 1153 3624 .

157 3643 181 3695 5.
202 3642 256 3696 Ga'c.
274 3642 316 3708 (de
329 3643 376 3712 lep.
395 3649 422 3710 2,
440 3648 484 3711 24,
502 3647 562 3709 60):
580 3645 713 3712 ‘funebria
731 3651 824 3715 quibus
841 3650 925 3698 luctus
940 3660 1055 3714 augetur,
1073 3649 1124 3698 XII
1143 3647 1310 3698 sustulerunt:

89 3734 193 3770 nomm
210 3736 376 3785 -FA01AT3
410 3725 483 3772 credo
510 3726 576 3790 quod
608 3733 661 3774 erat
687 3726 841 3789 factitatum,
870 3737 896 3775 ut
923 3727 969 3774 uni
995 3727 1069 3789 plura
1088 3728 1177 3774 fierent
1195 3721 1312 3787 (funera)

89 3801 201 3864 lectique
218 3801 304 3864 plures
323 3810 501 3865 sternerentur,
520 3803 547 3851 id
566 3803 631 3867 quod
650 3819 681 3851 ne
692 3805 771 3867 fieret,
788 3804 845 3868 lege
856 3812 971 3852 sanctum
988 3815 1037 3858 est;
1057 3796 1161 3865 echpit'
1179 3797 1239 3851 etc!
1275 3799 1312 3850 cf.

90 3872 183 3926 Cottae.
203 3873 240 3924 ad
257 3873 328 3941 Pap.
347 3891 390 3940 qu.
409 3874 426 3926 l.
444 3874 486 3942 ΙΙ,
505 3874 542 3927 ad
561 3875 597 3927 D.
616 3879 641 3936 3,
660 3879 687 3942 2,
705 3879 749 3944 25,
767 3881 792 3928 1.

158 3950 182 4002 6.
202 3953 238 4002 of.
257 3948 322 4018 Lep.
343 3948 451 4002 Numae
467 3955 492 4004 1.
511 3950 584 4004 Fest.
603 3957 767 4018 Resparsum.
786 3952 887 4004 Acerra.

160 4103 184 4168 l)
202 4101 302 4154 Totum
328 4101 407 4154 huius
429 4102 539 4156 tabulae
563 4106 750 4170 argumentum
773 4119 825 4155 uno
843 4105 967 4155 contextu
985 4103 1100 4157 relatum
1119 4103 1312 4157 attrectatum

88 4184 196 4238 exhibet
216 4184 270 4238 Cic.
288 4185 377 4253 deleq.
395 4189 422 4249 2,
440 4189 484 4240 23.
502 4191 546 4240 24.
566 4187 618 4253 (Cf.
636 4187 703 4254 Hac,
721 4186 1100 4256 ZRG.11,138—42).—2)
1118 4189 1174 4242 AI:
1193 4186 1313 4238 ‘eircum-

88 4268 222 4337 portatio',
242 4269 309 4336 quod
327 4269 422 4336 probat
440 4269 496 4323 Hm
516 4273 641 4339 (p.139).
659 4302 692 4309 —
710 4272 736 4335 3)
754 4271 861 4325 Manat.
875 4273 903 4324 et
921 4272 993 4327 Ha:
1012 4274 1052 4326 ‘ne
1062 4273 1190 4341 respersio
1208 4271 1260 4336 (eit)
1278 4285 1312 4324 ne

88 4383 121 4391 —-
140 4369 246 4407 acerrae
270 4354 468 4421 praeferantur.
488 4385 521 4392 —
538 4356 565 4422 4)
584 4354 673 4409 Verba
695 4355 778 4409 ‘eredo
796 4385 830 4394 -
848 4357 897 4410 est'
920 4357 948 4409 in
972 4357 1045 4428 codd.
1064 4374 1116 4411 non
1138 4355 1313 4410 inveniuntur

89 4439 139 4492 hoc
162 4439 230 4501 loco,
256 4438 300 4490 sed
324 4438 394 4493 infra
418 4441 478 4506 post
496 4440 582 4494 Iocum
604 4456 659 4493 nro.
684 4440 843 4506 Tallatum,
861 4441 931 4494 unde
948 4442 1041 4497 Dirlcc.
1060 4443 1158 4512 aliique
1177 4441 1312 4510 propriam
