3328 5356
307 428 371 494 284
846 419 1000 488 Scriptores.

308 599 382 663 hinc
404 599 480 662 licet
503 596 688 662 existimari.
720 593 764 658 nt
780 594 886 658 virum
904 591 1022 656 bonum
1046 609 1118 656 cum
1140 591 1330 670 laudabant,
1352 591 1400 656 ita
1417 592 1527 658 lauda·
1639 578 1640 596 *

308 703 396 780 bant,
419 702 538 766 bonum
561 699 734 780 agricolam
758 697 941 775 bonumque
968 692 1123 759 colonum.
1306 775 1312 785 ¹
1515 780 1518 787 Ι

395 801 463 866 144.
486 799 598 866 Oleam
620 801 792 882 legendam
810 798 871 862 hoc
889 795 986 860 modo
1003 794 1109 860 locare
1128 799 1271 874 oportet:
1295 794 1407 860 Oleam
1425 796 1529 878 cogito

307 910 395 970 recte
417 921 542 968 omnem
564 901 726 966 arbitratu
751 901 870 966 domini
893 902 952 963 aut
970 914 1064 980 quem
1087 896 1252 962 custodem
1270 894 1385 961 iecerit
1403 903 1461 961 aut
1480 899 1529 962 cui

307 1008 377 1071 olea
400 1005 545 1070 venierit.
589 1002 701 1069 Oleam
724 1022 765 1068 ne
788 1001 940 1082 stringito
963 1017 1043 1064 neve
1065 997 1236 1063 verberato
1259 998 1385 1064 iniussu
1411 997 1529 1064 domini

308 1114 364 1172 aut
383 1106 541 1183 custodis;
564 1106 591 1170 si
609 1105 764 1170 adversus
784 1122 823 1171 ea
842 1102 914 1183 quis
932 1099 1057 1180 fecerit,
1081 1101 1166 1181 quod
1184 1099 1254 1180 ipse
1272 1118 1309 1164 eo
1334 1100 1386 1164 die
1404 1101 1529 1182 legerit,

307 1229 364 1290 pro
394 1227 431 1274 eo
458 1226 551 1272 nemo
582 1207 685 1271 solvet
715 1223 821 1287 neque
849 1202 1029 1269 debebitur.
1077 1200 1134 1283 (2.)
1163 1199 1226 1277 Qui
1255 1201 1359 1266 oleam
1381 1202 1529 1283 legerint,
1640 1235 1641 1266 r

306 1327 415 1376 omnes
438 1310 569 1373 iuranto
592 1308 634 1372 ad
658 1307 823 1373 dominum
849 1310 908 1370 aut
930 1303 1105 1382 custodem,
1128 1321 1198 1368 sese
1220 1303 1323 1368 oleam
1345 1321 1408 1368 non
1432 1305 1530 1368 suni·

306 1413 415 1494 puisse
436 1427 542 1492 neque
565 1427 759 1491 quemquam
792 1427 850 1473 suo
881 1406 952 1472 dolo
979 1407 1063 1470 malo
1091 1423 1130 1470 ca
1155 1405 1290 1470 oleitate
1313 1423 1352 1470 ex
1374 1404 1472 1471 fundo
1494 1407 1529 1472 L.

306 1513 434 1591 Manlii;
455 1511 511 1593 qui
534 1527 644 1575 eorum
666 1529 730 1574 non
753 1510 800 1574 ita
822 1508 987 1586 iurauerit,
1010 1507 1095 1588 quod
1113 1507 1141 1571 is
1156 1507 1274 1588 legerit
1291 1525 1395 1587 omne,
1418 1526 1478 1588 pro
1493 1527 1529 1574 eo

307 1619 478 1696 argentum
502 1629 595 1676 nemo
618 1611 711 1676 dabit
733 1629 838 1691 neque
861 1608 1040 1675 debebitur.
1085 1607 1197 1674 Oleam
1222 1609 1293 1690 cogi
1316 1615 1419 1690 recte,
1452 1611 1530 1675 satis

307 1718 384 1781 dato
406 1714 571 1779 arbitratu
593 1713 628 1778 L
643 1712 767 1778 Manlii.
798 1711 912 1777 Scalae
934 1711 982 1776 ita
1004 1711 1054 1775 uti
1077 1711 1174 1775 datae
1196 1715 1303 1790 erunt,
1324 1713 1372 1776 ita
1394 1713 1530 1792 reddito,

213 1843 221 1858 ·
306 1818 369 1882 nisi
391 1835 474 1898 quae
496 1819 663 1880 vetustate
686 1813 812 1880 fractae
838 1805 948 1891 emnt'3
978 1813 1091 1877 sinon
1119 1817 1228 1892 emnt,
1257 1813 1374 1878 reddet
1400 1832 1530 1894 aequas,
1641 1875 1642 1884 ,

307 1925 362 1984 aut
385 1919 549 1984 arbitratu
571 1917 759 1984 deducetur.
805 1912 866 1999 (3.)
889 1914 924 1980 Si
947 1915 1025 1996 qnid
1046 1914 1261 1995 redemptoris
1283 1932 1383 1996 opera
1404 1916 1530 1982 domino

307 2021 414 2086 damni
438 2021 550 2085 datum
573 2020 645 2098 erit,
669 2018 835 2096 resolvite,
866 2019 941 2082 aut¹
970 2017 1030 2082 viri
1051 2017 1128 2082 boni
1155 2018 1320 2082 arbitratu
1344 2017 1529 2083 deducetur.

307 2123 447 2205 Legulos
471 2126 550 2203 quot
572 2139 653 2202 opus
676 2125 772 2186 emnt
795 2119 959 2201 praebeto,
983 2123 1016 2184 et
1043 2120 1223 2198 strictorem
1255 2119 1282 2184 si
1305 2137 1369 2183 non
1392 2121 1530 2200 praebu-

307 2225 383 2303 erit,
416 2225 529 2305 quanti
560 2223 752 2288 conductum
776 2222 839 2286 erit
861 2226 920 2286 aut
941 2222 1085 2287 locatum
1108 2222 1185 2299 erit,
1217 2221 1409 2295 deducetur,
1441 2227 1530 2286 tanto

305 2326 411 2389 minus
439 2324 621 2390 debebitur.
666 2323 715 2388 De
745 2322 844 2388 fundo
875 2324 964 2405 ligna
996 2326 1030 2386 et
1056 2323 1159 2387 oleam
1185 2341 1225 2387 ne
1258 2323 1446 2404 deportat03
1477 2324 1529 2404 qui

306 2427 409 2490 oleam
438 2427 555 2507 legerit
583 2425 638 2506 qui
661 2425 852 2505 deportarit,
875 2425 908 2490 in
931 2425 1074 2507 singulas
1101 2425 1344 2506 deportationes
1371 2425 1426 2490 HS
1449 2445 1479 2490 n.
1501 2426 1530 2490 II

307 2528 510 2592 deducentur
536 2544 642 2608 neque
669 2527 703 2592 id
735 2527 914 2592 debebitur.
958 2525 1015 2609 (4.)
1039 2526 1172 2592 Omnem
1202 2526 1303 2593 oleam
1327 2547 1445 2608 puram
1468 2547 1529 2592 me·

306 2631 408 2692 tietur
430 2629 536 2693 modio
559 2629 691 2694 oleario.
736 2629 890 2694 Assiduos
911 2629 1056 2694 homines
1078 2629 1104 2694 L
1127 2629 1293 2711 praebeto,
1316 2631 1400 2694 duas
1423 2636 1528 2712 partes

306 2731 491 2794 stt-ictorum
523 2730 687 2809 praebeto.
733 2729 781 2793 Ne
812 2731 885 2810 quis
917 2731 1091 2810 concedat,
1127 2748 1191 2812 quo
1223 2731 1294 2796 olea
1325 2731 1470 2814 legunda
1500 2738 1529 2796 et

306 2829 457 2896 faciunda
479 2831 586 2894 carius
607 2831 746 2910 locetur,
775 2835 867 2894 extra
889 2849 987 2912 quam
1010 2831 1038 2896 si
1061 2849 1157 2913 quem
1179 2832 1301 2897 socium
1323 2833 1357 2896 in
1379 2851 1529 2914 praescn-

306 2932 427 2996 tiarum
452 2931 583 3011 dixerit3
612 2930 668 3014 (b.)
696 2932 723 2996 si
747 2932 817 3014 quis
841 2933 1012 2998 adversum
1036 2951 1076 2997 ea
1098 2933 1222 3012 fecerit,
1252 2934 1279 2998 si
1302 2934 1451 3000 dominus
1474 2941 1528 3000 aut

307 3039 415 3098 custos
438 3033 559 3113 volent,
591 3033 701 3097 iurent
722 3051 832 3098 omnes
855 3035 947 3113 socii3
979 3035 1006 3099 si
1028 3053 1092 3099 non
1114 3036 1163 3100 ita
1185 3035 1382 3116 iuraverint,
1413 3057 1471 3119 pro
1493 3055 1528 3101 ea

309 3135 380 3200 olea
395 3135 537 3217 legunda
560 3139 594 3200 et
615 3133 768 3201 faciunda
790 3153 885 3201 nemo
907 3134 998 3200 dabit
1015 3154 1121 3218 neque
1139 3136 1312 3203 debebitur
1334 3139 1374 3218 ei,
1398 3139 1530 3220 quinon

308 3236 472 3302 iuraverit.
496 3237 718 3303 Accessiones:
750 3238 782 3306 in
804 3238 955 3321 m(odios)
977 3237 1079 3303 cIoCC
1102 3239 1228 3304 accedit
1250 3239 1341 3304 oleae
1369 3241 1473 3305 salsae
1490 3259 1528 3304 m.

309 3337 337 3400 V
360 3349 420 3417 etc.;
447 3339 532 3420 quod
564 3340 652 3404 oleae
684 3341 790 3406 salsae
820 3359 884 3405 non
907 3341 1099 3422 acceperint,
1133 3341 1210 3405 dum
1233 3341 1336 3406 oleam
1358 3342 1477 3423 legent,
1498 3343 1527 3404 in

308 3439 430 3503 modios
454 3439 598 3521 singulos
620 3440 684 3505 HS.
709 3440 739 3506 S.
760 3441 790 3505 S.
814 3442 987 3507 dabuntur.

395 3539 465 3604 145.
488 3540 601 3606 Oleam
628 3540 812 3608 faciundam
835 3545 897 3608 hac
923 3544 995 3626 lege
1017 3549 1146 3625 oportet
1167 3545 1288 3610 locare:
1310 3546 1425 3611 Facito
1447 3549 1527 3610 recte

308 3643 472 3707 arbitratu
505 3644 625 3709 domini
652 3650 710 3709 aut
733 3646 891 3725 custodis,
923 3646 979 3728 qui
1002 3645 1035 3710 id
1057 3647 1223 3728 negotium
1246 3647 1385 3720 curabit.
1432 3646 1464 3712 Si
1485 3645 1527 3709 VI

306 3744 391 3825 iugis
417 3743 503 3810 vasis
531 3763 611 3824 opus
633 3747 709 3826 erit,
741 3745 848 3811 facito.
893 3747 1047 3812 Homines
1069 3765 1124 3812 eos
1148 3749 1241 3828 dato,
1273 3749 1327 3829 qui
1356 3749 1526 3831 placebunt

306 3851 361 3910 aut
384 3847 511 3912 custodi
530 3852 589 3911 aut
606 3848 661 3929 qui
677 3867 749 3914 eam
767 3849 871 3914 oleam
890 3849 1012 3914 emerit.
1046 3847 1180 3929 Trapeti
1199 3848 1306 3915 facito.
1340 3848 1373 3914 Si
1392 3849 1524 3932 operarii

306 3947 457 4013 conducti
487 3954 598 4028 erumt,
632 3955 689 4014 aut
711 3947 858 4014 facienda
879 3950 987 4014 locata
1014 3950 1094 4029 erit,
1126 3968 1184 4030 pro
1207 3969 1244 4015 eo
1273 3951 1440 4032 resolvito,
1472 3955 1524 4016 aut

307 4047 491 4114 deducetur.
546 4049 602 4132 (2.)
626 4049 739 4116 Oleum
770 4069 811 4115 ne
841 4052 969 4132 tangito
999 4052 1112 4116 utendi
1144 4070 1243 4117 causa
1275 4070 1380 4136 neque
1403 4051 1523 4119 furandi

306 4167 418 4231 causa,
450 4152 513 4216 nisi
545 4151 630 4233 quod
662 4159 769 4218 custos
800 4153 927 4218 dederit
953 4157 1011 4217 aut
1043 4154 1204 4233 dominus;
1237 4153 1263 4219 si
1286 4157 1468 4236 sumpserit,
1491 4153 1519 4216 in

306 4250 448 4333 singulas
489 4255 688 4335 sumpsiones
720 4253 773 4319 HS
807 4274 837 4320 n.
870 4254 928 4320 XL
968 4256 1168 4321 deducentur
1207 4273 1312 4336 neque
1347 4256 1519 4322 debebitur.

306 4396 508 4408 ——-n—.

376 4471 402 4531 1)
420 4470 463 4524 Ita
480 4471 515 4524 Β.
533 4489 579 4538 pro
597 4473 649 4539 ‘id,'
669 4473 737 4527 sicut
755 4478 813 4541 145,
831 4480 855 4529 1.
