3330 5400
533 401 535 406 Ι
636 437 722 501 Leges
740 434 838 502 regiae.
1231 497 1235 504 .
1334 431 1351 494 7

118 609 235 693 πατρί,
258 610 354 692 μέχρι
377 609 491 691 τρίτης
512 603 668 690 πράσεως
684 600 738 686 ἀφ’
764 603 840 670 υίοῦ
851 604 1134 688 χρηματίσασθαι.’
1149 639 1193 648 -
1214 599 1297 687 μετά
1321 601 1357 666 δὲ

120 709 187 796 τὴν
211 711 330 796 τρίτην
352 713 476 793 πρᾶσιν
501 703 694 794 ἀπήλλακτο
718 710 781 771 τοῦ
803 701 959 789 πατρός.1

213 808 262 876 11.
285 812 383 876 Dion.
403 811 538 890 (2,15);2
564 809 625 885 nte
647 804 796 894 ἀνάγκην
820 809 1000 890 κατέστησε
1023 803 1057 889 (ὁ
1077 803 1252 890 Ῥωμύλος)
1276 804 1359 880 τοὺς

123 911 333 996 οἰκήτοραςι
346 905 478 977 ἀπασαν
503 907 627 998 ἀρίρενα
648 909 768 996 γενεὰν
789 910 974 993 ἐκτρέφειν,
995 909 1053 973 καὶ
1076 909 1275 992 θυγατέρων
1297 906 1359 983 τὰς

123 1012 384 1095 πρωτογόνους,
404 1009 650 1079 ἀποκτιννύναι
669 1013 706 1078 δὲ
729 1013 832 1097 μηδὲν
854 1015 926 1076 τῶν
949 1010 1173 1095 γεννωμένων
1188 1005 1358 1096 νεώτερον

124 1113 411 1200 reacceperint>
442 1115 471 1180 εί
493 1139 527 1179 τι
554 1116 687 1199 γένοιτο
710 1113 848 1179 παιδίον
870 1107 1057 1196 ἀνάπηρον,
1085 1107 1106 1196 ἢ
1128 1111 1227 1194 τέρας
1255 1105 1359 1186 εὐθὺς

125 1212 198 1282 ἀπὸ
222 1221 331 1302 γονῆς.
355 1222 462 1281 ταῦτα
486 1213 513 1282 δ’
539 1212 602 1282 οὐκ
631 1213 798 1282 ἐκώλυσεν
829 1213 1000 1280 ἐκτιθέναι
1028 1211 1109 1286 τοὺς
1135 1212 1359 1296 γειναμένους,

126 1319 359 1398 ἐπιδείξαντας
379 1315 548 1402 πρότερον
569 1319 671 1383 πέντε
696 1313 838 1401 ἀνδράσι
865 1329 938 1391 τοῖς
961 1314 1092 1400 έγγιστα
1116 1314 1277 1392 οἰκοῦσιν,
1300 1311 1359 1379 ἐὰν

126 1416 299 1496 κάκείνοις
317 1421 472 1510 συνδοκῇ.
497 1420 583 1488 κατὰ
607 1421 643 1485 δὲ
661 1423 734 1484 τοόν
751 1417 794 1505 μὴ
817 1419 1034 1502 πειθομένων
1053 1420 1103 1501 τῷ
1125 1413 1221 1498 νόμω
1244 1415 1359 1498 ζημίας

125 1515 251 1606 ὥρισεν
263 1516 363 1598 ἀλλας
381 1547 418 1587 τε
435 1524 490 1587 καὶ
509 1527 569 1608 τῆς
583 1517 698 1598 οὐσίας
707 1516 823 1586 αὐτῶν
834 1519 897 1606 τὴν
914 1518 1065 1604 ἡμίσειαν
1088 1514 1173 1584 εἶναι
1189 1517 1358 1601 δημοσίαν.

216 1623 264 1690 12.
288 1624 373 1688 Ρίιιί.
398 1625 497 1702 (Runa
520 1623 622 1704 22)st
648 1617 768 1708 Ἔθηκε
791 1623 827 1687 ιίὲ
849 1617 905 1686 καί
933 1618 1058 1706 νόμους
1080 1616 1185 1698 τινάς,
1208 1655 1249 1666 -·
1271 1616 1361 1682 ’ίδιον

102 1730 104 1735 ’
127 1726 164 1790 δὲ
188 1724 230 1790 ro
253 1726 416 1810 μηδεμίαν
435 1725 534 1811 δίκην
552 1724 638 1790 κατὰ
656 1720 904 1808 πατροκτόνων
924 1721 1085 1808 ὁρίσαντα
1102 1725 1215 1786 πᾶσαν
1238 1714 1359 1802 ἀνδρο-

127 1830 258 1908 φονίαν
279 1829 534 1911 πατροκτονίαν
555 1837 760 1910 προσειπεῖν.

219 1927 268 1995 13.
293 1929 327 1994 Sr
348 1953 442 1994 nuans
470 1929 489 2012 [.
505 1927 714 2010 ,rnoarss1r,]
734 1952 822 2018 saona
836 1951 914 1992 murs
930 1949 1084 1990 annuarum
1102 1924 1219 1988 πεποο.4

521 2129 562 2196 ΙΙ.
584 2129 710 2194 NUMA
732 2128 971 2194 POMPILIUS.
1019 2193 1022 2198 .

221 2265 248 2329 1.
292 2267 405 2332 Livius
428 2265 539 2349 (1‚19).·
565 2252 694 2348 (Numa)
719 2300 763 2309 —-
788 2266 901 2330 urbem
928 2283 1060 2344 novam,
1088 2248 1304 2328 conditam'vi
1328 2266 1361 2324 et

128 2369 248 2447 armis,
282 2370 353 2433 iure
372 2369 597 2450 *legibusque
616 2368 715 2431 -de
749 2367 875 2448 integro
904 2367 1039 2432 condere
1071 2370 1175 2446 parat.
1228 2361 1258 2426 2.
1297 2361 1362 2426 Cic.

129 2471 178 2544 (ιίο
203 2489 270 2551 rep.
294 2474 396 2549 2,]4);
419 2472 542 2536 animos
564 2469 739 2552 propositis
762 2468 887 2550 legibus
902 2467 962 2548 hie,
986 2485 1067 2550 quas
1090 2467 1123 2530 in
1145 2464 1361 2529 monumentis

131 2573 302 2652 habemus
321 2609 363 2618 -
381 2572 572 2654 religionum
588 2570 791 2636 caerimoniis
809 2570 1040 2652 mitigavit-
1058 2585 1231 2649 omnesque
1250 2570 1360 2647 partes
1435 2563 1438 2570 '

130 2674 297 2754 religionis
330 2674 445 2738 statuit
479 2674 689 2738 sanctissime.
728 2669 756 2736 3.
782 2671 844 2737 Cic.
868 2672 915 2749 (cle
937 2694 1002 2753 rep.
1024 2674 1107 2750 5,2);
1129 2670 1238 2751 legum
1261 2667 1360 2731 etiam

132 2776 272 2855 scriptor
295 2774 393 2855 fuit‚⁵
416 2793 495 2856 quas
519 2775 608 2839 scitis
630 2779 765 2839 exstare.
802 2838 804 2842 ,

553 2981 583 3022 a.
612 2967 696 3020 Jus
728 2979 920 3021 sacrum.

223 3094 249 3156 1.
273 3095 350 3160 Vruo
364 3120 464 3160 aeeon
478 3119 514 3159 un
529 3094 727 3160 aasrnnorro.⁶

222 3193 251 3258 2.
275 3195 393 3258 Pannnx
406 3219 486 3258 anau
499 3219 613 3260 ruuours
627 3221 664 3260 ua
679 3219 812 3270 reuersa
826 3219 852 3260 sr
866 3218 986 3267 narsus,
1005 3218 1103 3259 runem
1117 3217 1248 3260 culNIBUS
1262 3217 1361 3258 nams-

136 3321 178 3360 srs
192 3319 294 3359 aenum
306 3287 434 3360 nnuman
444 3318 570 3360 canulro.
585 3302 596 3338 ⁷

136 3419 340 3427 ..--—-——-

205 3467 230 3527 1)
248 3465 281 3518 et.
300 3462 360 3530 XII,
378 3465 402 3529 4,
419 3465 443 3518 2.
462 3493 495 3502 -
512 3464 538 3529 2)
556 3463 761 3530 (Necessitatem
778 3464 904 3532 imposuit
922 3466 995 3518 Rom.
1014 3465 1116 3528 ineolis,
1134 3481 1237 3519 omnem
1255 3466 1360 3519 virilem

57 3599 59 3602 .
134 3551 234 3617 prolem
249 3549 359 3604 educare
370 3552 398 3602 et
407 3549 477 3604 filias
486 3547 685 3617 primogenitas,
703 3565 796 3602 necare
805 3565 866 3603 vero
880 3551 984 3602 nullum
997 3551 1081 3604 letum
1096 3551 1210 3604 triennio
1226 3550 1378 3616 minorem,'

134 3635 187 3688 nisi
200 3635 288 3688 infans
305 3635 403 3702 aliquis
420 3637 500 3688 natus
517 3637 587 3688 esset
597 3635 709 3688 mutilus
719 3637 765 3688 aut
778 3634 942 3702 prodigiosus
955 3634 1086 3688 statimin
1096 3635 1152 3702 ipso
1161 3637 1247 3702 partu,
1266 3650 1330 3702 quos
1344 3653 1364 3689 a.

134 3718 289 3786 parentibus
307 3720 400 3786 exponi
417 3734 468 3772 non
486 3719 633 3786 prohibuit,
650 3718 789 3772 dummodo
803 3735 847 3773 eos
865 3720 937 3787 prius
951 3718 1121 3773 ostenderent
1135 3720 1249 3788 quinque
1267 3719 1365 3774 vicinia·

134 3803 268 3871 proximis,
286 3803 357 3871 iique
375 3803 403 3856 id
421 3803 648 3872 comprobassent3
667 3805 695 3856 in
714 3819 756 3857 eos
774 3821 842 3866 vero,
857 3805 903 3873 qui
921 3804 1026 3872 legibus
1045 3803 1106 3856 i'stis
1125 3820 1177 3858 non
1196 3805 1368 3873 obtempera·-

134 3890 204 3952 rent,
222 3903 317 3956 poenas
336 3890 434 3942 statuit
452 3905 511 3942 cum
529 3889 597 3942 alias
614 3891 672 3942 tum
690 3889 773 3942 etiam
791 3890 872 3953 hanc,
890 3891 960 3944 bona
979 3906 1067 3943 corum
1086 3906 1133 3958 pro
1151 3893 1229 3956 parte
1248 3889 1361 3944 dimidia

135 3971 284 4039 publicari.)
303 3973 346 4027 ef.
360 3973 424 4042 XII,
440 3974 464 4038 4,
484 3976 507 4026 1.
518 3975 585 4036 -3)
595 3973 754 4036 (Constituit
772 3975 854 4027 etiam
872 3976 945 4041 leges
963 3974 1103 4043 quasdam
1123 3975 1259 4044 singulare
1270 3977 1361 4030 autem

136 4060 186 4122 cst,
204 4057 281 4125 quod,
299 4075 358 4111 cum
376 4057 476 4112 nullam
494 4059 522 4111 in
540 4057 685 4126 parricidas
703 4058 831 4112 statuerit
849 4075 968 4126 poenam,
987 4075 1063 4113 omne
1081 4059 1251 4114 homicidium
1271 4061 1359 4128 appel-

136 4141 204 4194 lavit
222 4142 410 4209 parricidium.)
421 4141 460 4196 ef.
479 4143 544 4213 Lep.
564 4143 647 4196 Num.
665 4148 709 4197 12.
720 4173 754 4182 -
767 4143 793 4209 4)
811 4143 898 4200 Fest:
916 4144 1029 4198 ‘Plorare
1044 4175 1077 4183 —
1091 4144 1227 4212 significat
1243 4173 1276 4184 -
1290 4144 1365 4212 apud*

137 4226 259 4293 antiquos
277 4227 433 4289 inclamare3
452 4227 479 4279 in
498 4227 570 4292 regis
587 4228 693 4281 Romuli
716 4231 744 4281 et
767 4227 839 4280 Tatii
861 4229 977 4296 legibus:
1005 4246 1081 4282 s1-
1098 4230 1202 4282 usrou'.
1221 4258 1255 4267 -
1272 4229 1298 4292 5)
1316 4228 1363 4283 Ita

137 4309 222 4364 Helm
239 4327 285 4378 pro
303 4311 422 4365 ‘luisset'.
442 4342 474 4350 -
491 4315 517 4373 6)
536 4311 610 4365 Plio.
627 4329 653 4364 κ.
672 4312 697 4366 λι.
715 4317 757 4378 14,
775 4317 825 4367 12:
842 4314 953 4368 ‘Numae
973 4315 1045 4382 regis
1063 4314 1201 4368 Postumia
1211 4313 1289 4379 (illex
1307 4318 1361 4368 ert:

138 4409 203 4447 vmo
214 4397 444 4450 —nusraaerro'
461 4426 496 4436 -
510 4398 536 4464 ί)
555 4395 627 4450 Fert.
645 4395 771 4450 Pellices:
790 4428 823 4436 —
841 4401 892 4453 ‘eui
910 4400 1002 4468 generi
1019 4400 1158 4452 mulierum
1177 4397 1259 4452 etiam
1277 4413 1367 4465 poena

139 4480 284 4532 constituta
302 4485 343 4534 est
361 4498 376 4534 a
394 4482 482 4535 Numa
494 4481 624 4550 Pompilio
642 4480 691 4534 hac
709 4483 784 4548 lege:
802 4500 912 4538 runnux
931 4515 964 4524 -
982 4485 1121 4538 cannino!
