3296 5370
585 391 679 446 Edicta
699 395 861 460 praetorum.
1272 396 1333 461 165

272 565 301 629 b.
326 563 389 639 Qui
409 561 532 645 quaeve
552 564 585 628 in
605 567 769 644 potestate
778 563 870 628 Lucii
881 563 958 629 Titii
968 572 1027 644 est,
1051 567 1078 631 si
1100 569 1127 632 is
1150 586 1228 633 eave
1246 569 1334 648 apud

114 673 150 733 te
173 659 230 740 esi,
249 666 362 731 dolove
384 664 469 728 maio
493 670 549 730 tuo
571 662 692 728 factum
716 671 766 728 est
789 683 851 744 quo
874 667 980 730 minus
1003 668 1088 748 apud
1111 674 1144 734 te
1167 675 1261 746 esset,
1285 671 1332 734 ita

110 788 184 834 eum
201 773 318 833 'eamve
342 767 503 832 exhibeas.
549 770 599 846 (U.
622 773 672 831 71.
694 766 738 831 D.
761 769 813 846 43,
836 773 887 847 30,
911 771 1015 850 1pr.)

270 890 294 933 c.
318 867 353 932 Si
370 869 489 933 Lucius
500 867 605 934 Titius
627 869 667 932 in'
679 861 841 949 potestate
850 869 944 934 Lucii
957 869 1036 934 Titii
1060 875 1119 950 est,
1142 890 1205 953 quo
1227 875 1332 938 minus

95 993 184 1038 ‘eum
210 973 310 1036 Lucio
337 971 423 1034 Titio
454 971 570 1035 ducere
596 971 705 1048 liceat,
738 967 804 1034 vim
832 968 902 1035 fieri
932 976 1015 1037 veto.
1061 971 1112 1054 (U.
1134 977 1189 1036 71.
1212 973 1255 1037 D.
1279 977 1330 1053 43,

113 1078 165 1152 30,
190 1075 297 1156 3P'r·)
371 1119 374 1126 “
793 1141 795 1145 .
849 1143 852 1148 .

200 1173 249 1238 19.
294 1172 433 1238 Utrubi
456 1173 509 1237 hic
531 1173 635 1251 homo,
659 1192 721 1254 quo
745 1173 784 1236 de
804 1175 922 1254 agitur,
945 1175 1066 1239 maiore
1090 1180 1185 1256 parte
1202 1175 1333 1240 huiusce
1403 1165 1405 1172 ’

113 1279 189 1344 anni
211 1276 285 1340 fuit:
311 1275 496 1356 quominus
519 1275 546 1339 is
565 1293 635 1340 eum
655 1275 761 1354 ducat,
784 1277 848 1339 vim
870 1274 940 1339 fieri
959 1281 1040 1342 veto.
1088 1279 1137 1356 (U.
1153 1281 1205 1342 72.
1225 1280 1262 1338 D.
1279 1279 1331 1355 43,

112 1379 258 1459 31,1.)’
558 1445 560 1450 .

196 1479 245 1545 20.
291 1479 324 1544 Si
343 1480 415 1560 quis
435 1479 506 1543 dolo
526 1479 610 1542 malo
639 1461 762 1557 iecerit,
786 1479 973 1559 quominus
997 1478 1068 1560 quis
1086 1479 1244 1559 permissu
1263 1497 1354 1544 meo¹

112 1583 229 1660 eiusve,
252 1582 344 1646 cuius
369 1599 406 1644 ea
428 1581 608 1646 iurisdictio
631 1578 704 1658 fuit,
727 1581 760 1644 in
783 1581 1015 1659 possessionem
1038 1579 1193 1645 bonorum
1216 1582 1272 1661 sit,
1300 1583 1333 1646 in

7 1709 8 1712 ¹
112 1703 184 1748 eum
202 1683 235 1746 in
253 1681 374 1746 factum
394 1682 557 1760 iudicium,
582 1682 694 1762 quanti
714 1700 752 1746 ea
771 1699 822 1744 res
844 1680 916 1760 fuit,
940 1683 980 1746 ob
1001 1697 1097 1764 quam
1120 1684 1157 1747 in
1179 1701 1334 1765 possea.

112 1787 254 1850 sionem
281 1785 419 1848 missus
442 1785 518 1862 erit,
543 1783 635 1848 dabo.
682 1785 731 1861 (U.
754 1787 805 1847 72.
828 1783 872 1846 D.
895 1785 947 1861 43,
971 1788 1001 1862 4,
1027 1789 1046 1847 1
1067 1787 1131 1865 pr.)

166 1968 168 1972 ι
197 1885 248 1948 21.
294 1885 328 1950 Si
355 1887 382 1948 is
404 1885 512 1963 homo,
544 1904 607 1966 quo
635 1886 674 1948 de
697 1885 820 1965 agitur,
851 1903 913 1947 non
945 1889 996 1948 est
1018 1903 1056 1948 ex
1079 1885 1129 1949 his
1151 1886 1260 1965 rebus,
1293 1887 1333 1950 dc

7 1983 8 2024 ³
112 1988 227 2070 quibus
245 1988 330 2051 inter
349 1993 382 2050 te
400 1992 432 2050 et
452 1992 594 2051 actorem
612 1987 770 2064 convenit,
793 1991 831 2050 ut
849 2004 933 2066 quae
950 1987 983 2050 in
1003 2004 1072 2050 eam
1088 1985 1333 2067 habitationem,

7 2085 9 2128 ἵ
114 2108 178 2170 qua
202 2089 242 2152 de
266 2089 387 2169 agitur,
416 2088 602 2152 introducta
625 2089 802 2167 importata
825 2088 871 2152 ibi
894 2093 971 2152 nata
994 2085 1119 2178 factave
1143 2095 1263 2166 essent,
1294 2107 1333 2152 ea

7 2189 9 2232 :
113 2192 239 2271 pignori
270 2191 331 2254 tibi
363 2208 421 2270 pro
452 2191 599 2256 mercede
631 2191 700 2254 eius
727 2189 938 2254 habitationis
955 2179 1088 2256 'essents
1119 2191 1186 2255 sive
1214 2208 1251 2253 ex
1283 2189 1333 2253 his

112 2293 211 2358 rebus
233 2297 284 2358 est
307 2299 340 2356 ct
363 2311 401 2355 ea
423 2310 545 2356 merces
568 2293 630 2358 tibi
653 2292 758 2356 soluta
785 2310 863 2356 euve
885 2293 1013 2378 nomine
1041 2291 1245 2356 satisfactum
1274 2296 1332 2370 cst,

7 2395 9 2436 ἵ
114 2401 172 2459 aut
196 2413 254 2476 per
277 2401 310 2458 te
333 2400 399 2457 stat
422 2412 484 2474 quo
507 2395 612 2460 miuus
635 2394 793 2458 solvatur:
825 2395 873 2458 ita
901 2411 963 2474 quo
986 2394 1092 2458 minus
1115 2395 1156 2470 ei,
1183 2395 1238 2474 qui
1261 2411 1334 2457 eum

7 2519 8 2544 1
111 2498 256 2578 pignoris
288 2481 414 2560 nomine
446 2496 586 2575 induxit,
618 2496 694 2560 inde
725 2495 884 2560 abducere
916 2495 1027 2574 liceat,
1061 2496 1126 2559 vim
1157 2492 1227 2559 fieri
1250 2500 1332 2559 veto.

113 2599 578 2681 mmmmmmm

196 2700 248 2764 22.
293 2699 384 2776 Quae
407 2700 524 2764 Lucius
557 2699 661 2764 Titius
684 2697 892 2764 fraudandi
925 2718 1061 2778 causa,
1092 2699 1212 2764 sciente
1235 2704 1277 2778 te,
1300 2699 1334 2786 in

111 2803 212 2883 bonis,
236 2804 354 2884 quibus
376 2803 415 2866 de
439 2796 491 2888 [ea
514 2797 578 2887 re]¹
601 2803 720 2884 agitur,
749 2800 835 2882 iecit,
859 2821 898 2866 ea
920 2801 994 2881 illis,
1014 2801 1040 2865 si
1059 2819 1096 2866 eo
1114 2802 1251 2880 nominc,
1271 2818 1334 2882 quo

7 2897 8 2902 ’
113 2904 152 2966 de
180 2905 303 2982 agitur,
336 2905 420 2968 actio
444 2905 474 2968 ei
497 2923 535 2969 ex
559 2905 665 2969 edicto
687 2921 757 2967 meo
782 2909 962 2983 competere
991 2920 1099 2968 esseve
1127 2909 1267 2984 oportet,
1301 2907 1334 2966 et

113 3003 140 3066 si
162 2992 321 3082 non'uius
345 3024 441 3084 quam
463 3024 566 3070 armus
589 3012 648 3082 est,
672 3023 744 3068 cum
767 3005 806 3068 de
830 3023 868 3068 ea
890 3023 939 3082 re,
964 3023 1028 3092 qua
1051 3005 1091 3068 de
1114 3005 1242 3085 agitur,
1281 3022 1333 3067 ex·

6 3133 8 3162 r
112 3104 261 3184 periundi
285 3112 429 3185 potestas
451 3113 514 3185 est,
546 3108 771 3170 restituas-
794 3105 961 3169 Interdum
984 3123 1083 3169 causa
1106 3106 1244 3186 cognita,
1272 3106 1334 3168 etsi

6 3225 7 3264 ς
112 3206 246 3281 scientia
268 3225 330 3270 non
354 3208 409 3286 sit,
438 3209 470 3270 in
493 3206 613 3271 factum
641 3207 798 3270 actionem
825 3207 1021 3285 permittam.
1067 3207 1116 3284 (U.
1141 3209 1193 3269 73.
1217 3208 1255 3269 D.
1280 3207 1332 3285 42,

111 3313 142 3386 8,
167 3312 207 3370 10
224 3312 290 3390 pr.)

540 3419 610 3510 ’(ΙΙ.
648 3423 879 3507 Exceptioacs.)

200 3547 225 3606 1.
273 3545 318 3624 (Si
335 3547 406 3627 quis
422 3546 541 3610 iudicio
564 3565 598 3610 se
618 3545 689 3610 sisti
707 3545 900 3633 promiserit,
923 3549 956 3608 et
983 3543 1167 3609 valetudine
1185 3543 1235 3609 vel
1253 3547 1335 3608 tem-

111 3653 251 3730 pestate·
264 3648 315 3711 vel
342 3649 372 3711 vi
391 3645 530 3712 fluminis
548 3645 732 3729 prohibitus
751 3664 784 3709 se
803 3647 917 3710 sistere
935 3665 997 3709 non
1017 3647 1128 3728 possit,
1148 3646 1335 3726 exceptione

112 3749 307 3819 adiuvatur.)
352 3749 405 3830 (U.
429 3753 479 3812 74.
502 3750 545 3813 D.
568 3753 669 3828 2,11,
693 3753 724 3824 2,
746 3751 787 3830 3.)

159 3882 161 3885 ·
197 3848 226 3912 2.
273 3849 308 3934 E.
341 3852 446 3930 pacti
476 3857 514 3915 et
545 3851 750 3915 transacti:
783 3849 816 3914 Si
838 3851 923 3914 intra
950 3852 986 3913 A.
1015 3851 1052 3914 Α.
1079 3854 1111 3914 et
1132 3849 1171 3914 N.
1201 3849 1240 3915 N.
1270 3869 1334 3914 non

96 3951 269 4030 ‘convenit
289 3970 329 4015 nc
348 3971 386 4015 ea
397 3953 532 4032 pecunia
547 3957 721 4033 peteretur.
748 3952 800 4030 (U.
819 3955 868 4014 74.
884 3951 927 4033 D.
946 3956 978 4030 2,
999 3953 1047 4031 15,
1065 3956 1097 4016 2.
1114 3952 1231 4033 Gesta,
1249 3953 1332 4031 119.)

197 4051 226 4116 3.
272 4052 308 4115 Ε.
332 4053 470 4118 mercis
492 4072 563 4118 non
583 4054 787 4118 traditae2:
812 4053 844 4117 Si
868 4072 906 4117 ea
929 4056 1079 4134 pecunia,
1103 4075 1131 4137 q.
1155 4056 1184 4120 d.
1209 4073 1247 4133 a,
1270 4073 1333 4118 non

112 4173 170 4236 pro
194 4172 233 4218 ca
259 4173 294 4217 re
318 4155 449 4235 petitur,
477 4173 558 4238 quae
582 4156 669 4219 venit
693 4173 796 4236 neque
818 4155 941 4219 tradita
964 4161 1023 4220 est.
1070 4145 1196 4235 (Dor.
1220 4157 1263 4220 D.
1282 4161 1332 4237 50,

113 4258 453 4337 ffifflffldffi
900 4263 902 4266 ’

181 4426 205 4490 1)
224 4424 296 4476 Haec
314 4425 394 4478 verba
412 4427 474 4494 quin
493 4425 686 4512 delendaeint,
696 4427 738 4478 vix
753 4424 871 4479 dubitari
884 4429 980 4494 potest.
991 4455 1024 4466 -
1034 4427 1060 4492 2)
1071 4425 1178 4482 SictD.
1188 4429 1229 4493 44,
1238 4429 1262 4490 4,
1273 4431 1297 4493 5,
1306 4431 1330 4480 4.
