3328 5356
324 386 388 450 272
857 377 1009 446 Scriptores.

301 623 304 630 ,
325 557 512 621 Viatores
533 551 745 633 appellantur,
762 551 818 631 qui
836 549 1082 630 magistratibus
1097 553 1269 630 apparent,
1294 565 1330 612 eo
1350 549 1428 630 quia
1443 550 1539 627 initio,

326 657 464 722 omnium
486 655 629 719 tribuum
652 671 724 718 cum
747 653 818 733 agri
837 651 869 716 in
888 653 1066 732 propinquo
1086 657 1180 716 erant
1198 651 1287 716 urbis
1304 655 1402 732 atque
1418 650 1541 714 assidue

325 759 468 824 homines
491 757 747 834 rusticabantur,
766 755 924 820 ¹crebrior
950 771 1050 834 opera
1078 771 1188 816 eorum
1212 757 1284 816 erat
1306 753 1339 816 in
1361 753 1414 816 via
1450 771 1542 833 quam

325 862 413 940 urbe,
437 860 523 940 quod
546 877 584 922 ex
607 858 693 938 agris
716 857 905 937 plerumque
930 855 1071 919 homines
1095 855 1315 918 avocabantur
1336 854 1542 934 amagistra·

324 963 420 1026 tibus.
464 961 502 1023 L.
525 963 596 1024 371.
641 958 707 1022 Mo.
731 962 783 1022 78.
1268 1008 1272 1019 l

326 1064 410 1128 Vici
434 1061 592 1148 appellari
615 1061 790 1141 incipiunt¹
814 1059 978 1140 onagris,
1009 1058 1066 1140 qui
1089 1058 1133 1122 ibi
1157 1057 1249 1122 villas
1271 1074 1333 1121 non
1357 1056 1489 1135 habent,
1511 1062 1544 1119 nt

324 1166 425 1230 Marsi
456 1168 514 1228 aut
536 1163 673 1244 Peligni,
707 1161 763 1226 sed
797 1179 836 1224 ex
865 1161 962 1225 vicis²
991 1161 1111 1240 partim
1138 1159 1260 1224 habent
1290 1177 1357 1224 rem
1380 1177 1410 1238 p.
1443 1163 1478 1221 et
1499 1158 1544 1221 ius

325 1267 453 1343 dicitur,
476 1264 596 1345 partim
618 1263 699 1328 nihil
718 1281 827 1327 eorum
847 1267 880 1326 et
898 1265 1006 1328 tamur
1025 1261 1071 1326 ibi
1086 1261 1246 1344 nundinae
1266 1265 1408 1341 aguntur
1426 1259 1544 1340 negotii

324 1368 458 1450 gerendi
481 1385 586 1445 causa,
609 1370 642 1430 et
663 1365 811 1446 magistri
835 1365 896 1428 vici
915 1364 992 1428 item
1012 1363 1157 1444 magistri
1177 1362 1251 1445 papi
1271 1361 1444 1442 quotannis
1458 1359 1544 1425 fiunt.

324 1470 445 1548 Altero,
463 1485 533 1532 cum
552 1468 586 1532 id
601 1485 702 1548 genus
721 1465 940 1531 aedificiorum
957 1461 1137 1544 delinitur,³
1156 1483 1239 1546 quae
1258 1461 1457 1528 continentia
1478 1468 1546 1526 sunt

324 1572 375 1636 his
398 1569 533 1652 oppidis,
557 1587 639 1650 quae
662 1617 667 1628 .
692 1616 697 1628 .
722 1613 727 1629 .
750 1569 920 1640 itineribus
943 1567 1191 1648 regionibusque
1214 1565 1390 1630 distributa
1408 1564 1498 1628 inter
1515 1581 1545 1627 se

228 1674 232 1684 '
326 1673 457 1751 distant,
481 1671 728 1752 nominibusque
752 1669 962 1736 dissimilibus
986 1668 1179 1734 discriminis
1202 1686 1299 1731 causa
1322 1654 1401 1730 sunt
1423 1666 1544 1746 dispar-

326 1775 398 1839 tita.
444 1775 563 1854 Tertio,
587 1792 658 1838 cum
681 1774 714 1838 id
739 1790 840 1854 genus
862 1768 1078 1836 aedificiorum
1097 1767 1258 1848 definitur,
1278 1770 1410 1850 quaein
1431 1767 1545 1848 oppido

325 1877 429 1957 prive,
462 1878 482 1940 i.
507 1879 549 1940 e.4
579 1877 700 1962 in·suo
732 1875 867 1955 quisque
893 1875 962 1938 loco
985 1872 1182 1954 proprio-ita
1203 1868 1363 1950 acdificat,
1396 1871 1490 1934 utin
1513 1887 1546 1932 ao

326 1976 471 2043 aedilicio
501 1978 647 2058 pervium
679 1978 734 2058 sit,
770 1995 833 2058 quo
866 1977 981 2040 itinere
1008 1959 1209 2040 habitatores
1232 1972 1273 2036 ad
1296 1991 1389 2036 suam
1413 1973 1545 2053 quisquc

325 2080 558 2146 habitationem
590 2078 709 2144 habeat
740 2081 939 2155 accessum⁵;
972 2077 1112 2157 quinon
1136 2071 1442 2152 dicuntur‘vicani,'
1468 2074 1545 2137 sicut

324 2181 374 2260 ii,6
406 2181 459 2262 qui
492 2186 549 2246 aut
580 2181 614 2244 in
644 2181 754 2261 oppidi
785 2180 878 2258 vicis,
912 2183 970 2266 aut
1002 2178 1048 2257 hi,
1083 2177 1137 2258 qui
1160 2176 1303 2257 inagris
1326 2180 1423 2260 sunt,
1447 2173 1545 2238 vicani

326 2283 543 2364 appellantur.
588 2283 625 2346 L.
648 2287 719 2346 371.
763 2281 829 2345 Mo.
853 2286 901 2346 77.

325 2383 477 2465 Viginti
497 2385 666 2464 quinque
680 2378 1544 2463 poenaa⁷inXlIsignificatXllVasses.L.371.Mo.77.

298 2477 300 2481 ’
325 2484 476 2550 Vindex
500 2487 541 2550 ab
565 2503 612 2564 eo,
637 2486 720 2566 quod
743 2484 897 2562 vindicat,
923 2501 985 2564 quo
1007 2483 1113 2547 minus
1135 2483 1172 2564 is,
1197 2481 1251 2562 qui
1274 2499 1410 2562 prensus
1434 2487 1486 2545 est
1508 2480 1544 2542 ab

324 2587 441 2666 aliquo,
465 2591 626 2653 teneatur.
669 2586 707 2648 L.
730 2590 801 2650 376.
845 2585 911 2649 Μο.
935 2589 987 2648 84.

325 2686 549 2751 Vin'diciae
572 2688 778 2766 appellantur
795 2705 929 2766 roseae,
949 2686 1121 2768 dequibus
1140 2686 1359 2750 controversia
1379 2691 1444 2762 est,
1465 2683 1544 2765 quod

325 2789 434 2868 potius
459 2788 576 2852 dicitur
597 2789 661 2866 uis,
695 2808 790 2870 quom
811 2786 861 2867 fit,
893 2789 1055 2854 intereos
1079 2787 1135 2869 qui
1157 2787 1365 2851 contendunt.
1411 2785 1493 2850 Cato
1516 2785 1544 2847 in

325 2907 373 2967 ea,
398 2907 493 2970 quam
516 2889 643 2953 scribsit
665 2890 701 2954 L.
724 2889 821 2954 Furio
846 2891 885 2954 de
908 2909 1006 2972 aqua:
1031 2893 1048 2955 ‘.
1078 2940 1085 2953 .
1112 2939 1119 2953 .
1148 2909 1163 2953 s
1182 2894 1347 2969 praetores
1370 2888 1543 2952 secundum

325 2993 478 3072 populum
501 2991 656 3056 vindicias
673 2990 803 3058 dicunt'
823 3039 829 3051 .
849 3043 855 3056 .
876 3040 882 3052 .
901 2992 1058 3056 Lucilius:
1078 2993 1180 3056 ‘namo
1199 2991 1251 3054 hic
1270 2990 1429 3054 vindicias
1447 3005 1544 3069 neque

325 3111 416 3158 sacra
438 3111 543 3175 neque
565 3111 683 3158 numen
706 3093 854 3160 veretur'.
898 3095 948 3158 De
972 3113 1034 3177 quo
1053 3095 1150 3159 verbo
1161 3091 1290 3158 Cincius
1309 3092 1355 3156 sic
1374 3092 1437 3155 ait:
1462 3091 1544 3154 ‘Vin-
1575 3117 1576 3120 ¹

285 3201 287 3204 ’
326 3195 429 3260 diciae
452 3195 526 3260 olim
546 3195 738 3261 dicebantur
761 3194 889 3280 (glebae)
912 3197 995 3276 illoc,
1019 3215 1101 3278 quaa
1124 3214 1162 3260 ex
1186 3193 1284 3260 fundo

411 3303 560 3378 sumptae
599 3299 630 3361 in
674 3299 724 3362 ius
766 3299 895 3363 adlatae
939 3297 1050 3362 erant’.
1114 3297 1157 3362 At
1197 3295 1263 3361 Ser.
1301 3294 1465 3376 Sulpicius

411 3393 546 3482 [oramina
577 3394 686 3483 etham
718 3400 925 3480 singulariter
954 3397 1093 3462 formato
1124 3397 1296 3461 vindiciam
1319 3415 1389 3460 esse
1417 3397 1465 3460 ait

410 3497 487 3583 [cora
507 3496 595 3585 ralla]
608 3519 672 3581 qua
689 3501 728 3564 de
742 3519 777 3564 re
788 3501 1006 3565 controversia
1015 3504 1073 3576 est,
1085 3500 1176 3564 abeo
1188 3500 1273 3580 quod
1282 3498 1464 3563 vindicatur

412 3653 417 3664 .
442 3651 448 3663 .
475 3652 481 3664 .
506 3651 512 3664 .
536 3607 570 3666 et
592 3604 624 3666 in
649 3601 740 3666 ΧΙΙε8
764 3601 807 3665 ‘Si
830 3602 1003 3667 vindiciam
1025 3597 1140 3664 falsam
1163 3601 1249 3680 tulit,
1273 3601 1299 3664 si
1322 3600 1402 3664 velit
1420 3598 1465 3664 is⁹

393 3841 418 3904 1)
436 3838 508 3892 Ma:
526 3839 716 3906 accipiuntur.
735 3869 769 3876 —
787 3841 814 3907 2)
833 3839 905 3893 Ma:
923 3837 1025 3892 ‘victis’.
1045 3867 1077 3876 -
1095 3839 1122 3902 3)
1141 3835 1212 3890 Μο..·
1230 3834 1358 3888 ‘aedificio
1378 3874 1383 3885 .
1404 3874 1409 3886 .
1433 3874 1438 3884 .
1457 3831 1544 3884 nitnr'.

326 3953 357 3961 -
375 3924 402 3987 4)
421 3924 495 3978 Μο..·
514 3923 607 3990 ‘privi’.
626 3953 660 3960 —
676 3924 702 3983 5)
721 3923 843 3976 Tertium
862 3925 910 3977 hoc
928 3924 1042 3976 vicorum
1061 3937 1145 3991 genus
1162 3937 1214 3975 non
1231 3921 1371 3987 alioqnarn
1382 3917 1543 3970 honauctora

326 4009 463 4076 cognitum
481 4025 528 4062 nos
546 4008 644 4064 habere
662 4008 728 4062 dicit
742 4008 815 4062 Mac.
830 4026 861 4077 p.
878 4012 946 4074 413,-
963 4008 1075 4061 lortassa
1095 4009 1185 4082 autam
1202 4005 1236 4058 ad
1253 4007 1372 4058 nostrum
1391 4003 1456 4056 lacit
1474 4001 1545 4052 locus

325 4093 362 4146 D.
379 4098 404 4159 3,
422 4097 449 4160 2,
467 4098 494 4160 2,
512 4097 540 4147 5:
568 4098 654 4146 ‘scena
673 4122 706 4130 -
723 4094 836 4160 posita*
854 4094 881 4146 in
905 4092 1009 4160 publico
1027 4083 1223 4159 privatave-naal
1241 4090 1269 4144 in
1286 4087 1358 4152 vico,
1387 4104 1437 4156 quo
1454 4091 1544 4139 tamen

324 4176 381 4230 loco
398 4178 496 4245 passim
514 4178 634 4231 homines
651 4178 797 4245 spectaculi
814 4194 893 4230 causa
911 4176 1111 4239 admittantur’;
1130 4176 1241 4230 fortasse
1259 4174 1342 4226 etiam
1359 4171 1398 4226 D.
1416 4175 1460 4236 21,
1478 4175 1502 4233 1,
1521 4173 1545 4232 4,

325 4266 356 4313 1:
379 4263 433 4328 qui
459 4278 506 4330 per
532 4262 601 4316 vicos
628 4277 698 4314 moro
716 4262 867 4318 insanorum
890 4259 1036 4315 deridenda
1053 4259 1213 4327 loquantnr’.
1237 4287 1270 4294 -
1297 4259 1321 4318 6)
1340 4257 1413 4310 Ma:
1441 4255 1490 4308 ‘hi'¹
1511 4283 1544 4292 --

326 4345 413 4410 7)M.:
434 4347 555 4413 poenas.
566 4345 800 4409 -8lPolitianus,
818 4347 866 4414 qui
883 4346 966 4413 ipsius
984 4345 1041 4398 cod.
1062 4343 1139 4398 Fam.
1158 4343 1223 4397 lolia
1242 4341 1381 4409 deperdita
1400 4338 1546 4406 descripsit,

326 4428 364 4479 nil
382 4429 464 4482 habet
482 4429 533 4481 nisi
551 4428 677 4482 ‘vindicat
696 4469 701 4482 .
721 4470 726 4482 .
747 4471 752 4484 .
771 4431 841 4482 Xll’.
860 4429 917 4483 Mo.
935 4459 965 4467 —
986 4432 1011 4493 9)
1031 4427 1281 4482 Pot.:⁴sive1itia‘.
