3328 5356
690 459 794 513 Festus.
1297 463 1359 532 251

137 633 292 714 Optima
322 631 384 696 lex
407 681 414 696 .
437 679 444 698 .
466 633 499 695 in
523 630 681 710 magistro
703 630 815 711 populi
836 629 997 711 faciendo,
1027 634 1082 713 qui
1103 635 1199 716 vulgo
1221 636 1365 702 dictator

138 733 334 816 appellatur,
358 749 454 813 quarn
477 731 698 812 plenissimum
721 735 831 811 posset
849 732 900 795 ius
918 733 988 797 eius
1007 750 1086 812 esse,
1106 734 1361 819 significabatur3

136 871 179 884 -
199 839 376 918 postquam
399 833 683 912 vero‘provocatio
706 831 747 896 ab
770 849 808 896 eo
829 833 1026 914 magistratu
1049 835 1090 898 ad
1112 837 1264 916 populum
1284 840 1361 905 data

138 941 199 1016 est,
222 954 306 1018 quae
329 940 405 1000 ante
426 952 489 998 non
509 938 591 1007 erat,
609 934 749 998 desitum
767 939 816 999 cst
835 935 920 999 adici
935 937 983 998 ‘ut
1001 935 1123 1017 optima
1141 937 1232 1018 lege‚’
1249 944 1364 1020 utpote

137 1039 309 1103 imminuto
339 1037 410 1101 iure
434 1037 578 1118 priorum
600 1036 838 1124 magistrorum.
879 1037 1016 1100 ’1,198.
1062 1037 1118 1102 ‘Ut
1140 1039 1196 1119 qui
1219 1041 1363 1120 optima

135 1139 207 1221 lege
239 1137 370 1204 luerint'
403 1137 485 1202 adici
518 1136 613 1216 solet,
647 1155 717 1201 cum
741 1137 873 1218 quidam
895 1139 1108 1218 magistratus
1132 1144 1363 1208 creantur...

136 1243 173 1308 L.
197 1244 267 1305 189.

140 1343 262 1407 Orare
285 1341 435 1422 antiquos
458 1340 579 1405 dixisse
602 1357 660 1420 pro
683 1357 790 1421 agere,
814 1341 999 1406 testimonio
1022 1350 1099 1407 sunt
1117 1347 1150 1407 et
1169 1349 1314 1410 oratores
1330 1351 1364 1409 et

139 1445 195 1525 qui
218 1461 302 1508 nnnc
324 1442 452 1523 quidem
475 1442 591 1523 legati,
623 1447 703 1522 ¹tunc
724 1456 800 1507 vero
823 1447 984 1521 oratores,
1008 1445 1063 1525 qui
1085 1445 1164 1526 reip.
1192 1447 1363 1512 mandatas
1474 1529 1475 1533 Ἰ

136 1547 238 1626 partis
259 1543 408 1624 agebant.
430 1579 472 1598 -÷
490 1543 532 1607 L.
556 1546 627 1608 198.
653 1541 700 1624 (cf.
721 1549 855 1605 maura.
882 1550 917 1606 F.
935 1547 1012 1628 rsa.)

137 1645 383 1712 Ordinarium
414 1636 575 1710 bominem
599 1645 724 1727 Oppius
756 1647 804 1710 ait
835 1647 898 1712 dici
928 1648 1058 1712 solitum
1082 1667 1225 1714 scurram
1250 1654 1282 1715 et
1304 1651 1363 1714 im·
1395 1709 1403 1723 ,

135 1749 281 1828 probum,
306 1747 362 1828 qui
385 1747 516 1811 assidue
538 1747 571 1810 in
595 1747 708 1812 litibus
730 1753 925 1828 moraretur3
949 1750 989 1814 ob
1013 1768 1150 1834 eamque
1174 1770 1307 1816 causam
1329 1753 1362 1816 in

135 1849 246 1914 ordine
269 1853 373 1913 staret
397 1848 588 1914 adeuntium
611 1854 805 1930 praetorem.
828 1887 872 1898 -
893 1849 930 1913 F.
953 1855 1027 1916 182.

136 1950 236 2015 Ordo
270 1950 475 2015 sacerdotum
499 1952 691 2016 aestimatur
714 1952 845 2016 deorum
868 1951 1002 2034 [arctoa
1030 1960 1067 2018 ut
1092 1954 1182 2039 deus]
1204 1955 1362 2022 maximus

136 2053 283 2134 quisque,
328 2051 489 2116 Maximus
511 2052 642 2116 videtur
664 2071 731 2133 rex,
754 2053 828 2118 dein
851 2053 966 2134 Dialis,
989 2060 1064 2134 post
1085 2054 1171 2120 hunc
1192 2056 1364 2137 Martialis,

136 2159 253 2236 quarto
280 2154 350 2218 loco
374 2151 565 2234 Quirinalia,
598 2154 711 2235 quinto
739 2155 882 2236 pontifex
904 2155 1073 2236 maximus,
1095 2158 1246 2239 -quod
1268 2159 1365 2223 iudex

136 2261 235 2338 atque
260 2255 384 2320 arbiter
406 2254 547 2320 habetur
569 2273 677 2320 rerum
705 2257 888 2322 divinarum
910 2257 1195 2340 humanarumque.
1239 2259 1379 2324 L.185.-

137 2355 333 2424 Osculana
352 2359 479 2438 pugna
495 2359 528 2420 in
540 2358 720 2438 proverbio,
732 2377 794 2440 quo
805 2356 1049 2440 significabatur
1057 2361 1159 2425 victos
1169 2361 1364 2440 vincere‚—.

137 2457 347 2542 significatur
361 2461 461 2524 etiam
479 2460 625 2524 osculo
644 2460 777 2540 savium,
792 2471 837 2505 -‘
854 2461 941 2542 quod
959 2461 1045 2526 inter
1063 2467 1217 2543 cognatos
1235 2463 1365 2543 propin-

137 2579 282 2644 quosque
301 2563 489 2626 institutum
508 2561 549 2626 ab
568 2562 711 2643 antiquis
729 2567 788 2642 est,
804 2563 1005 2645 maximeque
1020 2562 1227 2630 feminas1...
1246 2565 1283 2630 L.
1295 2567 1365 2629 197.

137 2663 289 2728 Ovibus
312 2664 440 2730 duabus
462 2664 690 2729 multabantur
705 2665 792 2745 apud
811 2667 962 2747 antiquos
981 2666 1014 2730 in
1032 2665 1209 2730 minoribus
1228 2665 1365 2746 delictis,
1458 2651 1460 2654 ⁵

135 2771 176 2830 ut
198 2765 232 2830 in
254 2765 430 2830 maioribus
454 2765 565 2830 XXX
580 2766 700 2845 bobas,²
716 2785 775 2832 nec
793 2766 879 2832 hunc
897 2767 984 2831 ultra
1002 2785 1171 2832 numerum
1190 2767 1367 2833 excedebat

138 2867 308 2946 multati0;
331 2867 385 2932 aad
406 2872 617 2948 posteaquam
639 2885 715 2946 aere
738 2868 864 2949 signato
882 2869 932 2932 uti
945 2869 1066 2934 civitas
1085 2871 1218 2951 coepit‚³
1235 2860 1366 2950 p'ecora-

139 2989 200 3052 que
230 2971 412 3036 multaticia
446 2971 572 3036 incuria
604 2970 908 3050 corrumpebantur,
948 2971 1033 3035 unde
1065 2972 1162 3036 etiam
1197 2973 1367 3051 peculatus

137 3073 258 3137 crimen
277 3071 427 3153 usurpari
445 3076 594 3152 coeptum
610 3075 668 3150 est,
687 3069 775 3136 facta
795 3072 979 3136 aestimatio
997 3073 1155 3152 pecoralis
1174 3073 1307 3152 multae,
1327 3077 1362 3136 et

138 3174 238 3240 boves
261 3174 404 3238 centenis
417 3174 554 3253 assibus,
571 3190 646 3236 oves
665 3172 756 3236 denis
773 3173 974 3237 aestimatae.
994 3173 1074 3238 Inde
1093 3192 1244 3254 suprema
1262 3173 1367 3239 multa

138 3276 159 3339 i.
175 3295 201 3340 e.
225 3277 376 3355 maxima,
399 3274 582 3356 appellatur
605 3274 669 3338 tria
690 3273 791 3338 millia
812 3275 911 3353 aeris3
934 3275 1012 3338 item
1034 3275 1167 3340 vicessis
1190 3275 1367 3340 minoribus

140 3378 276 3442 delictis.
309 3377 346 3441 L.
365 3381 443 3443 202.
468 3377 504 3459 (a
522 3377 668 3450 Medma.)

208 3511 234 3576 1)
253 3510 328 3564 Pua.
346 3511 407 3565 bist.
424 3517 480 3566 aot.
499 3514 541 3574 14,
560 3513 609 3563 13.-
626 3509 713 3573 ‘eata
731 3505 791 3562 ideo
810 3509 969 3578 propinquos
988 3509 1094 3564 feminis
1112 3509 1230 3563 osculnm
1248 3509 1318 3573 dare,
1337 3513 1368 3563 ut

137 3597 249 3660 scirent,
269 3611 304 3650 an
321 3598 452 3650 temetum
470 3596 498 3660 (i.
517 3611 537 3650 e.
555 3595 656 3662 uiuam)
674 3595 784 3648 olerent.
820 3593 878 3648 Non
897 3594 996 3648 licebat
1015 3593 1043 3648 id
1061 3594 1189 3648 leminis*
1203 3593 1302 3648 bibere.
1322 3594 1367 3646 ln-

138 3681 260 3736 venimus
278 3709 310 3719 -
329 3681 431 3748 Egnati
448 3681 551 3736 Meceni
568 3697 683 3748 uxorem,
701 3679 771 3749 qnod
788 3679 880 3734 vinum
898 3679 1011 3734 bibisset
1029 3709 1071 3747 -,
1089 3679 1259 3734 interfectam
1276 3679 1368 3734 fustia

137 3766 245 3832 marito,
263 3781 377 3836 eumque
396 3765 485 3820 caedis
503 3783 519 3820 a
536 3767 648 3820 Romulo
665 3764 833 3820 absolutnm'.
866 3763 924 3818 Val.
942 3764 1020 3819 Mora
1038 3768 1062 3829 6,
1080 3768 1105 3828 3,
1122 3781 1149 3820 a.
1167 3768 1199 3818 9:
1215 3764 1276 3818 ‘non
1294 3780 1368 3818 aceu-

137 3851 226 3904 sabore
245 3853 351 3905 tantum
362 3849 407 3904 sed
426 3851 510 3904 etiam
528 3849 716 3920 reprehensore
734 3849 820 3902 caruit
837 3849 866 3902 id
883 3848 1007 3904 factnm'.
1031 3849 1115 3904 Dima
1133 3854 1161 3917 2,
1178 3852 1229 3904 25:
1247 3847 1285 3904 ‘oi
1302 3867 1367 3918 συγ·

137 3944 234 4005 γενεῖς
256 3933 331 4002 μετὰ
352 3942 404 3990 τοῦ
427 3931 532 4008 ἀνδρὸς
556 3933 703 4002 ἐδίκαζον,
721 3963 755 3973 -
774 3931 865 3999 εἴτις
889 3928 971 3990 οἶνον
993 3923 1128 4008 εὓρεθεΙη
1153 3941 1260 3990 πιοῦσα
1279 3921 1367 4004 γυνὴ.’

138 4020 206 4074 Gall.
225 4023 272 4088 10,
289 4023 333 4074 23.
369 4019 442 4073 Doa.
464 4021 522 4073 Ter.
541 4019 615 4073 Eum.
634 4024 659 4086 3,
677 4023 704 4084 2,
722 4023 747 4074 3.
766 4049 795 4058 -
817 4021 843 4086 2)
862 4019 936 4072 Pria.
955 4019 980 4072 b.
998 4037 1024 4072 a.
1045 4023 1087 4083 18,
1104 4023 1130 4086 3,
1147 4014 1195 4072 1“1.·
1212 4017 1367 4070 ‘Multatio.

137 4121 190 4158 non
219 4105 272 4158 nisi
301 4103 387 4158 orium
406 4103 537 4173 boumque
555 4103 690 4173 impendio
707 4103 857 4166 dicebatur,
879 4119 931 4158 non
948 4105 1097 4159 omittenda
1113 4105 1258 4172 priscarum
1277 4101 1368 4170 legum

139 4189 331 4244 benivolentia.
368 4189 483 4244 Cautum
502 4189 598 4258 quippe
617 4193 672 4254 est,
695 4205 728 4243 ne
746 4189 840 4244 bovem
858 4189 930 4256 prins
948 4205 1027 4257 quam
1045 4205 1121 4245 ovem
1138 4187 1299 4252 nominaret,
1323 4188 1368 4258 qui

138 4273 268 4328 indiceret
290 4273 420 4328 multem'.
439 4274 472 4328 cf.
493 4273 548 4327 Cic.
573 4269 657 4340 supra
670 4273 705 4326 ad
723 4293 747 4325 v.
766 4271 1006 4341 locupletabit-
1024 4275 1052 4343 3)
1071 4273 1146 4327 Plia.
1163 4272 1181 4326 l.
1201 4288 1234 4326 c:
1253 4272 1368 4326 ‘Servius

138 4375 183 4412 rex
206 4358 297 4412 ovium
319 4357 450 4426 boumque
474 4357 564 4426 effigie
586 4357 688 4424 primus
711 4375 755 4412 aes
780 4357 915 4426 signavit’.
951 4357 994 4410 Id.
1012 4361 1054 4424 33,
1071 4362 1096 4422 3,
1117 4361 1163 4410 43:
1191 4356 1306 4410 ‘Servius
1323 4373 1369 4412 rer

139 4443 239 4511 primus
263 4441 382 4509 signavit
406 4459 463 4508 aes;
490 4443 571 4496 antea
595 4441 656 4494 rudi
679 4459 740 4496 usos
760 4443 859 4496 Romae
877 4441 1003 4496 Timaeus
1025 4442 1119 4496 tradit.
1163 4441 1305 4510 Signatum
1328 4445 1369 4496 est

139 4533 202 4582 nota
220 4525 360 4595 pecudum,
378 4527 448 4580 unda
469 4531 497 4580 ct
517 4525 629 4593 pecunia
647 4527 800 4594 appellata'.
