3332 5338
622 433 723 489 Causae
741 435 866 490 forenses.
1296 437 1359 504 229

133 604 261 670 nuateis
299 609 332 668 et
363 604 530 670 Veiturios
567 605 600 668 in
631 624 665 670 re
702 612 871 687 praesente
915 613 1145 688 cognoverunt,
1191 614 1225 674 et
1255 627 1361 674 coram

132 709 294 771 intereos
317 705 537 771 controvosias
560 708 853 792 composeiveruut,
878 705 882 790 Ι
908 712 940 772 et
963 726 1028 788 qua
1055 708 1136 787 lege,
1151 727 1265 791 agrum
1288 729 1361 791 pos-

133 809 276 872 siderent
298 813 332 871 et
355 825 418 888 qua
440 804 531 872 fineis
554 805 679 888 fierent,
703 809 879 873 dixserunt.
925 809 991 874 Eos
1013 807 1105 876 fineis
1127 810 1234 876 facere
1247 813 1361 876 termi-

132 927 254 990 nosque
286 908 392 972 statni
423 907 590 986 inserunt;
621 907 626 993 Ι
654 909 730 974 ubei
761 927 800 974 ea
826 908 913 975 facta
942 917 1062 989 essent,
1094 913 1226 976 Romam
1255 931 1360 978 coram

132 1012 242 1074 venire
274 1011 449 1074 iouserunt.
496 1009 618 1074 Rornae
653 1028 775 1098 coram,
792 1012 989 1076 sententiam
1020 1029 1059 1076 ex
1090 1012 1193 1078 senati
1216 1013 1361 1078 consulto

136 1113 287 1177 dixerunt
310 1111 462 1188 eidibtusl
493 1111 497 1190 Ι
521 1110 780 1190 Decembtribns)
805 1111 845 1184 L.¹
862 1110 1019 1193 Caecilio,
1042 1113 1078 1189 Q.
1101 1111 1137 1192 i,
1161 1110 1197 1188 Q.
1222 1111 1360 1192 Muucio,
1370 1124 1394 1179 5.

132 1213 223 1293 Q..f.,
248 1232 325 1277 cos:
488 1285 490 1296 1
1171 1269 1172 1273 ,

220 1313 292 1390 Qua
315 1333 392 1394 ager
414 1314 561 1394 privatus
584 1316 697 1380 castoli
721 1315 924 1380 Vituriorum
948 1300 1011 1396 est,
1040 1335 1135 1398 quem
1165 1335 1280 1398 agrum
1307 1335 1361 1381 eos

134 1418 275 1482 uendere
297 1417 511 1497 heredemque
532 1415 537 1496 Ι
555 1418 647 1498 sequi
669 1418 756 1497 licet,
777 1419 805 1483 is
829 1437 907 1499 ager
929 1419 1070 1500 vectigal
1091 1419 1143 1482 nei
1167 1419 1238 1483 siet.
1261 1443 1301 1476 m

220 1519 414 1599 Longatium
437 1516 527 1584 fineis
551 1519 622 1600 agri
644 1521 779 1600 privati:
803 1521 853 1585 Ab
876 1521 946 1585 rivo
969 1519 1091 1600 infimo,
1114 1521 1170 1602 qui
1193 1519 1297 1584 oritur
1319 1522 1360 1585 ab

134 1620 232 1684 fontei
262 1620 294 1682 in
322 1619 504 1684 Mannicelo
535 1620 576 1684 ad
603 1618 734 1686 fluvium
754 1619 758 1704 Ι
778 1621 895 1700 Edem,
918 1623 962 1688 ibi
987 1623 1146 1686 terminus
1178 1626 1254 1687 stat.
1283 1622 1361 1686 Inde

65 1807 68 1812 Ι
132 1719 232 1784 fiovio'
250 1738 325 1785 suso
348 1739 476 1784 vorsum
499 1722 533 1784 in
555 1719 685 1786 florium
704 1723 878 1788 Lemurim.
897 1723 976 1788 Inde
994 1722 1089 1788 florio
1104 1724 1234 1788 Lemuri
1250 1741 1360 1790 susum

134 1841 236 1903 usque
260 1821 300 1886 ad
323 1823 424 1886 rivom
448 1820 738 1901 Comberancmm).
761 1820 765 1908 Ι
784 1825 864 1889 Inde
881 1829 952 1890 ete.l
1368 1834 1393 1886 8.

218 1923 299 2004 Agri
330 1924 448 2006 poplici
480 1925 565 2006 quod
596 1925 780 2006 Langenses
807 1926 958 2006 posident
989 1926 1076 1990 hisce
1106 1925 1179 1992 finis
1210 1927 1363 1991 videntur

133 2045 218 2092 esse:
240 2026 304 2092 Ubi
328 2025 501 2091 comfluont
520 2023 525 2111 Ι
545 2025 635 2090 Edus
658 2031 690 2090 et
713 2025 903 2108 Procobera‚
927 2027 992 2092 ibei
1011 2028 1168 2092 terminus
1187 2032 1262 2092 stat.
1280 2027 1360 2090 Inde
1372 2037 1410 2091 14.

133 2128 203 2192 Ede
219 2125 313 2192 florio
328 2146 531 2194 sursuorsum
552 2129 585 2192 in
608 2133 749 2192 montem
772 2127 944 2194 Lemuriuo
963 2128 1098 2207 iniumo;
1121 2128 1185 2192 ibei
1204 2128 1361 2192 terminus

136 2238 138 2300 ξ
158 2234 234 2294 stat.
258 2230 338 2294 Inde
361 2249 489 2294 sursum
511 2248 642 2294 vorsum
665 2229 740 2312 iugo
763 2235 852 2295 recto
874 2235 982 2294 monte
1003 2230 1189 2309 Lemurin03
1212 2229 1277 2294 ibei
1296 2234 1361 2294 ter-

134 2333 241 2396 minus
264 2337 340 2396 stat.
363 2332 441 2396 Inde
465 2333 535 2397 etc.¹

217 2433 318 2510 Quem
346 2453 461 2514 agrum
490 2435 650 2515 poplicum
675 2432 679 2518 Ι
708 2434 890 2498 iudicamus
913 2452 997 2513 esse,
1020 2427 1092 2498 eum
1116 2452 1230 2516 agrum
1250 2438 1410 2502 caste-24.

129 2537 221 2600 lenos
252 2534 439 2616 Langenses
473 2535 637 2600 Veiturios
667 2533 844 2618 po[se‘]dere
876 2533 1005 2618 fruique
1038 2537 1169 2601 videtur
1200 2537 1370 2616 oportere

131 2638 194 2702 Pro
221 2655 258 2700 eo
286 2655 365 2717 agro
390 2637 531 2718 vectigal
553 2637 739 2718 Langenses
766 2635 770 2722 Ι
798 2637 943 2702 Veituris
968 2639 1001 2702 in
1029 2639 1190 2720 poplicum
1214 2637 1359 2710 Genuam

130 2741 208 2804 dent
238 2741 269 2804 in
300 2759 378 2805 anos
406 2740 550 2820 singulos
580 2740 812 2818 uicltoriatosl‘2
840 2741 1010 2820 mammos)
1037 2739 1152 2805 CCCC.
1196 2739 1251 2804 Sei
1274 2739 1359 2803 Lan-

131 2959 231 3013 ibidem
257 2959 284 3010 in
310 2958 382 3012 oraria
405 2956 555 3011 adservata.
593 2957 691 3025 Capita
716 2957 845 3011 distincta
868 2974 920 3012 non
939 2961 1015 3026 runt,
1037 2959 1091 3012 nisi
1109 2957 1178 3028 quod
1196 2973 1220 3012 v.
1238 2958 1272 3011 37
1290 2956 1361 3010 vocis

128 3044 223 3112 ‘prata'
242 3043 340 3096 littera·
353 3041 392 3096 ‘P'
409 3041 438 3094 in
455 3041 603 3110 marginem
621 3042 761 3108 prominet.
797 3042 837 3094 De
855 3041 1021 3096 editionibus
1039 3043 1171 3112 prioribus
1189 3057 1214 3094 v.
1232 3041 1295 3096 CI.
1314 3042 1360 3095 cit.

132 3127 300 3190 Addendum,
323 3126 392 3194 qued
411 3125 540 3180 Rndorffii
563 3127 749 3180 commentatio
771 3127 881 3180 laudata
904 3142 929 3183 a.
953 3128 1019 3182 1861
1044 3128 1142 3180 iterum
1160 3127 1233 3180 edita
1251 3129 1293 3178 est
1310 3127 1351 3178 in:

130 3215 219 3270 ZRG.
238 3217 262 3277 1,
280 3216 334 3266 168
351 3213 393 3278 (of.
411 3211 445 3272 ab,
464 3215 490 3278 2,
508 3214 568 3277 473,
586 3214 614 3264 et
633 3209 686 3264 ltu.
705 3211 778 3266 Mac.
797 3215 840 3273 18,
859 3213 930 3277 452).
951 3211 1219 3265 Cenuatiumeivitas
1230 3226 1298 3263 saec.
1309 3209 1360 3264 vll

131 3302 217 3354 libera
239 3297 346 3368 quidem
369 3295 457 3350 adbuc
479 3297 545 3362 fuit,
571 3295 616 3350 sed
638 3297 691 3349 iam
714 3296 776 3350 inde
794 3313 810 3349 a
830 3297 907 3349 bellis
926 3295 1033 3348 Punicis
1057 3298 1233 3350 Romanorum
1251 3294 1361 3362 imperio

132 3381 326 3454 quodammodo
350 3381 459 3434 subdita
482 3384 532 3434 est.
567 3380 646 3434 Vicos
669 3381 831 3449 castellaque
855 3380 942 3434 uicina
964 3379 1085 3433 subiecta
1110 3378 1216 3447 quidem
1234 3377 1360 3444 habebat,
1383 3449 1387 3455 1

132 3471 172 3523 ita
190 3472 291 3529 tamen,
310 3468 341 3518 nt
360 3466 408 3518 lite
427 3481 486 3520 eum
504 3465 538 3518 iis
556 3465 589 3519 de
607 3464 705 3518 finibus
723 3480 846 3534 agrorum
865 3468 964 3531 exerta,
982 3479 1034 3518 non
1052 3465 1110 3531 ipsa
1127 3480 1174 3532 per
1183 3464 1360 3532 magistratus

132 3570 192 3608 suos
215 3567 271 3606 rem
296 3549 442 3604 diiudicare
460 3553 564 3619 posset,
587 3550 633 3604 sed
651 3565 668 3602 a
685 3553 782 3604 renato
799 3550 917 3604 Romano
935 3550 1053 3623 arbitros·
1068 3549 1164 3602 finium
1181 3547 1359 3618 regundorum

131 3644 221 3708 petere
241 3637 388 3703 cogeretur.
424 3635 489 3688 Deti
507 3638 570 3689 sant
580 3635 611 3698 Q.
629 3638 658 3688 et
668 3635 703 3688 M.
722 3633 833 3687 Minucii
843 3634 904 3688 Rufi
923 3635 1028 3696 fratres,
1046 3636 1155 3700 nepotes
1165 3633 1278 3686 fortasse
1293 3632 1359 3693 eins,

131 3723 177 3791 qui
196 3723 310 3790 Ligures
328 3736 351 3774 a.
371 3711 421 3772 557
440 3717 591 3787 subegerat,
611 3718 642 3784 Q.
660 3719 780 3774 Minucii.
816 3718 868 3784 Qui
886 3717 993 3788 quidem
1012 3717 1132 3772 Genuam
1152 3717 1262 3787 profecti
1281 3731 1360 3770 eausa

131 3808 243 3876 cognita
262 3804 469 3872 controversiam
488 3806 699 3872 composuerunt,
717 3805 834 3872 finesque
852 3819 975 3870 agrorum
993 3801 1133 3856 terminari
1141 3802 1289 3862 iusserunt;
1309 3817 1362 3868 quo

132 3893 205 3946 iacto
222 3891 338 3951 Romae,
361 3889 479 3956 partium
503 3889 601 3957 legatis
623 3889 819 3956 praesentibus,
844 3889 929 3941 haece
953 3903 1033 3956 quam
1049 3886 1179 3942 habemus
1196 3885 1360 3940 sententiam
1469 3955 1471 3960 Α

132 3977 270 4036 dixerunt,
294 3973 369 4026 cnius
392 3971 498 4041 quidem
523 3989 627 4028 summa
645 3973 673 4026 in
691 3989 721 4027 eo
739 3975 788 4037 est,
807 3971 876 4041 qnod
894 3972 991 4026 finibus
1010 3961 1070 4040 agri
1086 3959 1144 4026 tam
1161 3970 1262 4040 privati
1280 3985 1360 4038 quam

131 4060 234 4130 publici
254 4058 435 4124 Langensium
453 4056 654 4122 determinatis,
681 4059 740 4127 agri
763 4057 864 4126 publici
889 4057 1006 4112 condicio
1028 4058 1101 4110 vario
1127 4073 1157 4125 ex
1180 4055 1254 4123 agris
1271 4054 1361 4118 cultis,

132 4144 306 4214 compascuis,
324 4142 408 4209 pratis
426 4141 562 4217 definitur.
581 4173 612 4180 -
633 4144 675 4206 11)
693 4144 709 4195 i.
730 4159 752 4196 e.
772 4142 802 4208 Q.
822 4144 851 4195 et
868 4141 904 4194 M.
923 4142 1044 4205 Minucii,
1069 4141 1100 4206 Q.
1118 4141 1176 4205 filii,
1194 4140 1265 4195 Rufi.
1291 4139 1362 4194 Nem
1383 4200 1387 4208 ,

132 4231 190 4284 ‘eis'
209 4227 326 4292 antiqua
342 4226 426 4278 forma
444 4229 486 4278 est
504 4241 576 4279 nom.
594 4226 671 4294 plur,
690 4226 750 4280 vide
768 4242 847 4294 supra
860 4243 890 4296 p.
909 4229 963 4280 132
980 4243 1006 4278 a.
1023 4230 1048 4282 1.

203 4316 229 4373 ll
248 4310 358 4364 Minium
377 4309 583 4377 descriptionem
601 4311 709 4378 longam
728 4310 812 4363 omisi.
823 4311 891 4376 —2)
900 4310 1030 4364 Nummus
1048 4310 1098 4363 illa
1116 4309 1360 4376 aetateinregione

132 4393 341 4466 circumpadana
362 4394 495 4462 vulgarem
514 4393 551 4447 IV
570 4395 633 4450 vict.
652 4417 685 4442 z
703 4395 743 4448 ΙΙΙ
760 4395 829 4458 den,
847 4396 880 4449 of.
898 4396 1059 4461 Mommsen,
1078 4395 1247 4450 Mouzwesea
1260 4412 1296 4463 p,
1308 4397 1363 4448 389

133 4489 160 4538 et
178 4484 251 4538 infra
269 4482 361 4533 notem
380 4477 413 4532 ad
431 4477 503 4532 Fert.
522 4495 546 4534 v.
565 4482 679 4535 sesterti.
