<?xml version="1.0" encoding="UTF-8"?>
<!DOCTYPE html PUBLIC "-//W3C//DTD XHTML 1.0 Transitional//EN"
    "http://www.w3.org/TR/xhtml1/DTD/xhtml1-transitional.dtd">
<html xmlns="http://www.w3.org/1999/xhtml" xml:lang="en" lang="en">
 <head>
  <title>
</title>
<meta http-equiv="Content-Type" content="text/html;charset=utf-8" />
  <meta name='ocr-system' content='tesseract 3.04.00' />
  <meta name='ocr-capabilities' content='ocr_page ocr_carea ocr_par ocr_line ocrx_word'/>
</head>
<body>
  <div class='ocr_page' id='page_1' title='image "./fontesiurisroma02brungoog_0335.png"; bbox 0 0 3328 5356; ppageno 0'>
   <div class='ocr_carea' id='block_1_1' title="bbox 318 432 1003 502">
    <p class='ocr_par' dir='ltr' id='par_1_1' title="bbox 318 432 1003 502">
     <span class='ocr_line' id='line_1_1' title="bbox 318 432 1003 502; baseline -0.004 -16"><span class='ocrx_word' id='word_1_1' title='bbox 318 433 382 498; x_wconf 77' lang='lat'><strong>304</strong></span> <span class='ocrx_word' id='word_1_2' title='bbox 849 432 1003 502; x_wconf 73' lang='lat' dir='ltr'><strong>Scriptores.</strong></span> 
     </span>
    </p>
   </div>
   <div class='ocr_carea' id='block_1_2' title="bbox 316 604 1545 1396">
    <p class='ocr_par' dir='ltr' id='par_1_2' title="bbox 316 604 1545 1396">
     <span class='ocr_line' id='line_1_2' title="bbox 320 604 1540 688; baseline 0.001 -18"><span class='ocrx_word' id='word_1_3' title='bbox 320 623 378 688; x_wconf 87' lang='lat' dir='ltr'><strong>per</strong></span> <span class='ocrx_word' id='word_1_4' title='bbox 400 607 630 669; x_wconf 86' lang='lat' dir='ltr'><strong>testamentum</strong></span> <span class='ocrx_word' id='word_1_5' title='bbox 661 605 718 669; x_wconf 90' lang='lat' dir='ltr'><strong>scd</strong></span> <span class='ocrx_word' id='word_1_6' title='bbox 745 621 802 684; x_wconf 97' lang='grc' dir='ltr'><strong>ρετ</strong></span> <span class='ocrx_word' id='word_1_7' title='bbox 829 605 1000 684; x_wconf 82' lang='lat' dir='ltr'><strong>epistolam</strong></span> <span class='ocrx_word' id='word_1_8' title='bbox 1030 604 1216 668; x_wconf 87' lang='lat' dir='ltr'><strong>libertatem</strong></span> <span class='ocrx_word' id='word_1_9' title='bbox 1245 611 1418 671; x_wconf 82' lang='lat' dir='ltr'><strong>sumentes,</strong></span> <span class='ocrx_word' id='word_1_10' title='bbox 1464 607 1540 672; x_wconf 87' lang='lat' dir='ltr'><strong>Inde</strong></span> 
     </span>
     <span class='ocr_line' id='line_1_3' title="bbox 316 706 1540 790; baseline 0.002 -20"><span class='ocrx_word' id='word_1_11' title='bbox 316 707 489 789; x_wconf 81' lang='lat' dir='ltr'><strong>quianon</strong></span> <span class='ocrx_word' id='word_1_12' title='bbox 519 725 577 788; x_wconf 88' lang='grc' dir='ltr'><strong>ρετ</strong></span> <span class='ocrx_word' id='word_1_13' title='bbox 605 711 841 772; x_wconf 88' lang='lat' dir='ltr'><strong>testamentum</strong></span> <span class='ocrx_word' id='word_1_14' title='bbox 865 706 998 786; x_wconf 83' lang='lat' dir='ltr'><strong>fiebant,</strong></span> <span class='ocrx_word' id='word_1_15' title='bbox 1031 723 1089 771; x_wconf 89' lang='lat' dir='ltr'><strong>nec</strong></span> <span class='ocrx_word' id='word_1_16' title='bbox 1122 724 1161 770; x_wconf 86' lang='lat' dir='ltr'><strong>en</strong></span> <span class='ocrx_word' id='word_1_17' title='bbox 1192 710 1388 772; x_wconf 87' lang='lat' dir='ltr'><strong>testamento</strong></span> <span class='ocrx_word' id='word_1_18' title='bbox 1419 707 1540 790; x_wconf 86' lang='lat' dir='ltr'><strong>aliquid</strong></span> 
     </span>
     <span class='ocr_line' id='line_1_4' title="bbox 322 807 1540 889; baseline 0.002 -17"><span class='ocrx_word' id='word_1_19' title='bbox 322 826 446 888; x_wconf 86' lang='lat' dir='ltr'><strong>capere,</strong></span> <span class='ocrx_word' id='word_1_20' title='bbox 463 823 521 872; x_wconf 87' lang='lat' dir='ltr'><strong>nec</strong></span> <span class='ocrx_word' id='word_1_21' title='bbox 543 825 617 872; x_wconf 86' lang='lat' dir='ltr'><strong>suos</strong></span> <span class='ocrx_word' id='word_1_22' title='bbox 640 807 775 873; x_wconf 89' lang='lat' dir='ltr'><strong>heredes</strong></span> <span class='ocrx_word' id='word_1_23' title='bbox 792 807 899 873; x_wconf 87' lang='lat' dir='ltr'><strong>facere</strong></span> <span class='ocrx_word' id='word_1_24' title='bbox 918 812 1079 889; x_wconf 82' lang='lat' dir='ltr'><strong>poterant,</strong></span> <span class='ocrx_word' id='word_1_25' title='bbox 1099 812 1213 888; x_wconf 89' lang='lat' dir='ltr'><strong>postea</strong></span> <span class='ocrx_word' id='word_1_26' title='bbox 1233 809 1319 874; x_wconf 89' lang='lat' dir='ltr'><strong>cives</strong></span> <span class='ocrx_word' id='word_1_27' title='bbox 1329 809 1468 874; x_wconf 87' lang='lat' dir='ltr'><strong>Romani</strong></span> <span class='ocrx_word' id='word_1_28' title='bbox 1483 811 1540 874; x_wconf 90' lang='lat' dir='ltr'><strong>sub</strong></span> 
     </span>
     <span class='ocr_line' id='line_1_5' title="bbox 322 907 1542 991; baseline -0.002 -15"><span class='ocrx_word' id='word_1_29' title='bbox 322 909 504 976; x_wconf 89' lang='lat' dir='ltr'><strong>consulibus</strong></span> <span class='ocrx_word' id='word_1_30' title='bbox 527 927 586 991; x_wconf 90' lang='lat' dir='ltr'><strong>per</strong></span> <span class='ocrx_word' id='word_1_31' title='bbox 607 914 805 975; x_wconf 85' lang='lat' dir='ltr'><strong>testamenta</strong></span> <span class='ocrx_word' id='word_1_32' title='bbox 826 910 859 975; x_wconf 90' lang='lat' dir='ltr'><strong>in</strong></span> <span class='ocrx_word' id='word_1_33' title='bbox 881 909 960 973; x_wconf 91' lang='lat' dir='ltr'><strong>urbe</strong></span> <span class='ocrx_word' id='word_1_34' title='bbox 983 909 1129 974; x_wconf 86' lang='lat' dir='ltr'><strong>Romana</strong></span> <span class='ocrx_word' id='word_1_35' title='bbox 1152 907 1257 974; x_wconf 85' lang='lat' dir='ltr'><strong>effecti</strong></span> <span class='ocrx_word' id='word_1_36' title='bbox 1275 913 1361 974; x_wconf 81' lang='lat' dir='ltr'><strong>sunt.</strong></span> <span class='ocrx_word' id='word_1_37' title='bbox 1391 908 1442 974; x_wconf 78' lang='lat'><strong>52.</strong></span> <span class='ocrx_word' id='word_1_38' title='bbox 1457 911 1542 976; x_wconf 88' lang='lat' dir='ltr'><strong>Dicti</strong></span> 
     </span>
     <span class='ocr_line' id='line_1_6' title="bbox 322 1007 1543 1094; baseline 0 -18"><span class='ocrx_word' id='word_1_39' title='bbox 322 1017 430 1076; x_wconf 84' lang='lat' dir='ltr'><strong>autem</strong></span> <span class='ocrx_word' id='word_1_40' title='bbox 455 1011 560 1076; x_wconf 88' lang='lat' dir='ltr'><strong>cives</strong></span> <span class='ocrx_word' id='word_1_41' title='bbox 582 1011 755 1092; x_wconf 87' lang='lat' dir='ltr'><strong>Romani,</strong></span> <span class='ocrx_word' id='word_1_42' title='bbox 779 1013 857 1094; x_wconf 88' lang='lat' dir='ltr'><strong>qnia</strong></span> <span class='ocrx_word' id='word_1_43' title='bbox 875 1016 1073 1076; x_wconf 86' lang='lat' dir='ltr'><strong>testamento</strong></span> <span class='ocrx_word' id='word_1_44' title='bbox 1088 1010 1183 1074; x_wconf 88' lang='lat' dir='ltr'><strong>liberi</strong></span> <span class='ocrx_word' id='word_1_45' title='bbox 1202 1007 1308 1076; x_wconf 86' lang='lat' dir='ltr'><strong>effecti</strong></span> <span class='ocrx_word' id='word_1_46' title='bbox 1326 1011 1359 1076; x_wconf 95' lang='lat' dir='ltr'><strong>in</strong></span> <span class='ocrx_word' id='word_1_47' title='bbox 1377 1030 1543 1076; x_wconf 87' lang='lat' dir='ltr'><strong>numemm</strong></span> 
     </span>
     <span class='ocr_line' id='line_1_7' title="bbox 321 1112 1544 1194; baseline 0.002 -18"><span class='ocrx_word' id='word_1_48' title='bbox 321 1113 537 1176; x_wconf 84' lang='lat' dir='ltr'><strong>Romanorum</strong></span> <span class='ocrx_word' id='word_1_49' title='bbox 560 1112 677 1177; x_wconf 90' lang='lat' dir='ltr'><strong>civium</strong></span> <span class='ocrx_word' id='word_1_50' title='bbox 700 1113 901 1194; x_wconf 82' lang='lat' dir='ltr'><strong>rediguntur.</strong></span> <span class='ocrx_word' id='word_1_51' title='bbox 947 1112 1006 1177; x_wconf 92' lang='lat' dir='ltr'><strong>His</strong></span> <span class='ocrx_word' id='word_1_52' title='bbox 1029 1113 1169 1192; x_wconf 90' lang='lat' dir='ltr'><strong>primurn</strong></span> <span class='ocrx_word' id='word_1_53' title='bbox 1192 1113 1301 1177; x_wconf 88' lang='lat' dir='ltr'><strong>aditus</strong></span> <span class='ocrx_word' id='word_1_54' title='bbox 1324 1114 1445 1178; x_wconf 89' lang='lat' dir='ltr'><strong>eratin</strong></span> <span class='ocrx_word' id='word_1_55' title='bbox 1466 1115 1544 1179; x_wconf 89' lang='lat' dir='ltr'><strong>urbe</strong></span> 
     </span>
     <span class='ocr_line' id='line_1_8' title="bbox 322 1213 1544 1295; baseline 0.001 -18"><span class='ocrx_word' id='word_1_56' title='bbox 322 1214 425 1278; x_wconf 88' lang='lat' dir='ltr'><strong>Roma</strong></span> <span class='ocrx_word' id='word_1_57' title='bbox 448 1215 648 1295; x_wconf 90' lang='lat' dir='ltr'><strong>commorari,</strong></span> <span class='ocrx_word' id='word_1_58' title='bbox 672 1215 806 1280; x_wconf 89' lang='lat' dir='ltr'><strong>ceteris¹</strong></span> <span class='ocrx_word' id='word_1_59' title='bbox 829 1219 938 1280; x_wconf 87' lang='lat' dir='ltr'><strong>autem</strong></span> <span class='ocrx_word' id='word_1_60' title='bbox 960 1213 1087 1278; x_wconf 85' lang='lat' dir='ltr'><strong>libertis</strong></span> <span class='ocrx_word' id='word_1_61' title='bbox 1110 1213 1353 1294; x_wconf 81' lang='lat' dir='ltr'><strong>prohibebatur,</strong></span> <span class='ocrx_word' id='word_1_62' title='bbox 1377 1233 1417 1279; x_wconf 93' lang='lat' dir='ltr'><strong>ne</strong></span> <span class='ocrx_word' id='word_1_63' title='bbox 1440 1215 1492 1279; x_wconf 89' lang='lat' dir='ltr'><strong>vel</strong></span> <span class='ocrx_word' id='word_1_64' title='bbox 1513 1215 1544 1278; x_wconf 93' lang='lat' dir='ltr'><strong>in</strong></span> 
     </span>
     <span class='ocr_line' id='line_1_9' title="bbox 322 1315 1545 1396; baseline 0.001 -16"><span class='ocrx_word' id='word_1_65' title='bbox 322 1316 402 1383; x_wconf 90' lang='lat' dir='ltr'><strong>urbe</strong></span> <span class='ocrx_word' id='word_1_66' title='bbox 425 1316 527 1379; x_wconf 89' lang='lat' dir='ltr'><strong>Roma</strong></span> <span class='ocrx_word' id='word_1_67' title='bbox 550 1315 601 1379; x_wconf 86' lang='lat' dir='ltr'><strong>vel</strong></span> <span class='ocrx_word' id='word_1_68' title='bbox 624 1317 710 1381; x_wconf 85' lang='lat' dir='ltr'><strong>intra</strong></span> <span class='ocrx_word' id='word_1_69' title='bbox 734 1317 923 1396; x_wconf 89' lang='lat' dir='ltr'><strong>septimum¹</strong></span> <span class='ocrx_word' id='word_1_70' title='bbox 947 1317 988 1382; x_wconf 89' lang='lat' dir='ltr'><strong>ab</strong></span> <span class='ocrx_word' id='word_1_71' title='bbox 1012 1316 1092 1381; x_wconf 89' lang='lat' dir='ltr'><strong>urbe</strong></span> <span class='ocrx_word' id='word_1_72' title='bbox 1114 1315 1276 1380; x_wconf 88' lang='lat' dir='ltr'><strong>miliarum</strong></span> <span class='ocrx_word' id='word_1_73' title='bbox 1299 1323 1545 1381; x_wconf 88' lang='lat' dir='ltr'><strong>commanerent.</strong></span> 
     </span>
    </p>
   </div>
   <div class='ocr_carea' id='block_1_3' title="bbox 410 1533 1544 1722">
    <p class='ocr_par' dir='ltr' id='par_1_3' title="bbox 410 1533 1544 1722">
     <span class='ocr_line' id='line_1_10' title="bbox 882 1533 985 1588; baseline -0.01 0"><span class='ocrx_word' id='word_1_74' title='bbox 882 1533 940 1588; x_wconf 89' lang='lat' dir='ltr'><strong>Lib.</strong></span> <span class='ocrx_word' id='word_1_75' title='bbox 952 1533 985 1587; x_wconf 91' lang='lat' dir='ltr'><strong>X.</strong></span> 
     </span>
     <span class='ocr_line' id='line_1_11' title="bbox 410 1637 1544 1722; baseline -0.002 -20"><span class='ocrx_word' id='word_1_76' title='bbox 410 1640 437 1720; x_wconf 90' lang='lat'><strong>1,</strong></span> <span class='ocrx_word' id='word_1_77' title='bbox 461 1639 532 1706; x_wconf 80' lang='lat'><strong>258.</strong></span> <span class='ocrx_word' id='word_1_78' title='bbox 558 1639 978 1722; x_wconf 66' lang='lat' dir='ltr'><strong>stipularispromittere</strong></span> <span class='ocrx_word' id='word_1_79' title='bbox 1002 1643 1053 1702; x_wconf 90' lang='lat' dir='ltr'><strong>cst</strong></span> <span class='ocrx_word' id='word_1_80' title='bbox 1075 1656 1114 1702; x_wconf 86' lang='lat' dir='ltr'><strong>ex</strong></span> <span class='ocrx_word' id='word_1_81' title='bbox 1136 1637 1242 1703; x_wconf 88' lang='lat' dir='ltr'><strong>verbis</strong></span> <span class='ocrx_word' id='word_1_82' title='bbox 1260 1639 1339 1702; x_wconf 89' lang='lat' dir='ltr'><strong>iuris</strong></span> <span class='ocrx_word' id='word_1_83' title='bbox 1359 1639 1544 1718; x_wconf 87' lang='lat' dir='ltr'><strong>peritorum.</strong></span> 
     </span>
    </p>
   </div>
   <div class='ocr_carea' id='block_1_4' title="bbox 325 1739 1647 1825">
    <p class='ocr_par' dir='ltr' id='par_1_4' title="bbox 325 1739 1647 1825">
     <span class='ocr_line' id='line_1_12' title="bbox 325 1739 1647 1825; baseline -0.004 -21"><span class='ocrx_word' id='word_1_84' title='bbox 325 1741 395 1806; x_wconf 82' lang='lat'><strong>260.</strong></span> <span class='ocrx_word' id='word_1_85' title='bbox 420 1742 632 1825; x_wconf 86' lang='lat' dir='ltr'><strong>Sequester</strong></span> <span class='ocrx_word' id='word_1_86' title='bbox 663 1743 797 1820; x_wconf 82' lang='lat' dir='ltr'><strong>dicitur,</strong></span> <span class='ocrx_word' id='word_1_87' title='bbox 825 1741 881 1822; x_wconf 91' lang='lat' dir='ltr'><strong>qui</strong></span> <span class='ocrx_word' id='word_1_88' title='bbox 911 1740 1111 1806; x_wconf 82' lang='lat' dir='ltr'><strong>certantibus</strong></span> <span class='ocrx_word' id='word_1_89' title='bbox 1133 1739 1257 1804; x_wconf 87' lang='lat' dir='ltr'><strong>medius</strong></span> <span class='ocrx_word' id='word_1_90' title='bbox 1280 1739 1467 1818; x_wconf 83' lang='lat' dir='ltr'><strong>intervenit,</strong></span> <span class='ocrx_word' id='word_1_91' title='bbox 1489 1741 1542 1820; x_wconf 90' lang='lat' dir='ltr'><strong>qui</strong></span> <span class='ocrx_word' id='word_1_92' title='bbox 1644 1784 1647 1799; x_wconf 93' lang='lat'><strong>.</strong></span> 
     </span>
    </p>
   </div>
   <div class='ocr_carea' id='block_1_5' title="bbox 325 1841 1545 2134">
    <p class='ocr_par' dir='ltr' id='par_1_5' title="bbox 325 1841 1545 2134">
     <span class='ocr_line' id='line_1_13' title="bbox 326 1841 1545 1928; baseline -0.002 -20"><span class='ocrx_word' id='word_1_93' title='bbox 326 1846 414 1926; x_wconf 89' lang='lat' dir='ltr'><strong>apud</strong></span> <span class='ocrx_word' id='word_1_94' title='bbox 437 1843 579 1910; x_wconf 88' lang='lat' dir='ltr'><strong>Graecos</strong></span> <span class='ocrx_word' id='word_1_95' title='bbox 602 1841 621 1910; x_wconf 85' lang='grc' dir='ltr'>ὁ</span> <span class='ocrx_word' id='word_1_96' title='bbox 644 1845 742 1928; x_wconf 79' lang='grc' dir='ltr'><em>μέσος</em></span> <span class='ocrx_word' id='word_1_97' title='bbox 765 1843 892 1922; x_wconf 78' lang='lat' dir='ltr'><strong>dicitur,</strong></span> <span class='ocrx_word' id='word_1_98' title='bbox 916 1843 1003 1923; x_wconf 91' lang='lat' dir='ltr'><strong>apud</strong></span> <span class='ocrx_word' id='word_1_99' title='bbox 1026 1861 1119 1923; x_wconf 90' lang='lat' dir='ltr'><strong>quern</strong></span> <span class='ocrx_word' id='word_1_100' title='bbox 1141 1843 1278 1924; x_wconf 85' lang='lat' dir='ltr'><strong>pignora</strong></span> <span class='ocrx_word' id='word_1_101' title='bbox 1297 1841 1416 1921; x_wconf 89' lang='lat' dir='ltr'><strong>deponi</strong></span> <span class='ocrx_word' id='word_1_102' title='bbox 1432 1843 1545 1919; x_wconf 84' lang='lat' dir='ltr'><strong>solent;</strong></span> 
     </span>
     <span class='ocr_line' id='line_1_14' title="bbox 325 1943 1545 2027; baseline -0.003 -17"><span class='ocrx_word' id='word_1_103' title='bbox 325 1946 410 2027; x_wconf 91' lang='lat' dir='ltr'><strong>quod</strong></span> <span class='ocrx_word' id='word_1_104' title='bbox 433 1946 626 2012; x_wconf 90' lang='lat' dir='ltr'><strong>vccabulum</strong></span> <span class='ocrx_word' id='word_1_105' title='bbox 650 1966 669 2011; x_wconf 88' lang='lat' dir='ltr'><strong>a</strong></span> <span class='ocrx_word' id='word_1_106' title='bbox 692 1944 852 2026; x_wconf 90' lang='lat' dir='ltr'><strong>sequendo</strong></span> <span class='ocrx_word' id='word_1_107' title='bbox 880 1943 1000 2008; x_wconf 85' lang='lat' dir='ltr'><strong>iactum</strong></span> <span class='ocrx_word' id='word_1_108' title='bbox 1028 1944 1196 2024; x_wconf 75' lang='lat' dir='ltr'><strong>estquod</strong></span> <span class='ocrx_word' id='word_1_109' title='bbox 1223 1943 1310 2023; x_wconf 77' lang='lat' dir='ltr'><strong>eiua,</strong></span> <span class='ocrx_word' id='word_1_110' title='bbox 1343 1943 1399 2024; x_wconf 92' lang='lat' dir='ltr'><strong>qui</strong></span> <span class='ocrx_word' id='word_1_111' title='bbox 1428 1943 1545 2010; x_wconf 88' lang='lat' dir='ltr'><strong>electus</strong></span> 
     </span>
     <span class='ocr_line' id='line_1_15' title="bbox 328 2045 966 2134; baseline -0.005 -23"><span class='ocrx_word' id='word_1_112' title='bbox 328 2049 380 2126; x_wconf 85' lang='lat' dir='ltr'><strong>sit,</strong></span> <span class='ocrx_word' id='word_1_113' title='bbox 403 2055 544 2130; x_wconf 87' lang='lat' dir='ltr'><strong>utraque</strong></span> <span class='ocrx_word' id='word_1_114' title='bbox 566 2066 643 2130; x_wconf 89' lang='lat' dir='ltr'><strong>pars</strong></span> <span class='ocrx_word' id='word_1_115' title='bbox 665 2045 760 2112; x_wconf 87' lang='lat' dir='ltr'><strong>fidem</strong></span> <span class='ocrx_word' id='word_1_116' title='bbox 784 2047 966 2134; x_wconf 71' lang='lat' dir='ltr'><strong>sequatur.2</strong></span> 
     </span>
    </p>
   </div>
   <div class='ocr_carea' id='block_1_6' title="bbox 873 2265 1004 2320">
    <p class='ocr_par' dir='ltr' id='par_1_6' title="bbox 873 2265 1004 2320">
     <span class='ocr_line' id='line_1_16' title="bbox 873 2265 1004 2320; baseline 0.015 -2"><span class='ocrx_word' id='word_1_117' title='bbox 873 2265 930 2320; x_wconf 93' lang='lat' dir='ltr'><strong>Lib.</strong></span> <span class='ocrx_word' id='word_1_118' title='bbox 958 2265 1004 2320; x_wconf 78' lang='lat' dir='ltr'><strong>xi.</strong></span> 
     </span>
    </p>
   </div>
   <div class='ocr_carea' id='block_1_7' title="bbox 326 2367 1645 2656">
    <p class='ocr_par' dir='ltr' id='par_1_7' title="bbox 326 2367 1645 2656">
     <span class='ocr_line' id='line_1_17' title="bbox 413 2367 1548 2451; baseline -0.003 -19"><span class='ocrx_word' id='word_1_119' title='bbox 413 2370 440 2451; x_wconf 85' lang='grc'><strong>1,</strong></span> <span class='ocrx_word' id='word_1_120' title='bbox 463 2369 513 2434; x_wconf 78' lang='grc'><strong>67.</strong></span> <span class='ocrx_word' id='word_1_121' title='bbox 540 2371 717 2436; x_wconf 84' lang='lat' dir='ltr'><strong>Dextera</strong></span> <span class='ocrx_word' id='word_1_122' title='bbox 740 2375 876 2434; x_wconf 82' lang='lat' dir='ltr'><strong>vocatur·</strong></span> <span class='ocrx_word' id='word_1_123' title='bbox 902 2389 921 2435; x_wconf 93' lang='lat' dir='ltr'><strong>a</strong></span> <span class='ocrx_word' id='word_1_124' title='bbox 948 2369 1068 2446; x_wconf 85' lang='lat' dir='ltr'><strong>danda,</strong></span> <span class='ocrx_word' id='word_1_125' title='bbox 1100 2367 1172 2448; x_wconf 90' lang='lat' dir='ltr'><strong>ipsa</strong></span> <span class='ocrx_word' id='word_1_126' title='bbox 1199 2367 1283 2430; x_wconf 90' lang='lat' dir='ltr'><strong>enim</strong></span> <span class='ocrx_word' id='word_1_127' title='bbox 1311 2367 1430 2449; x_wconf 83' lang='lat' dir='ltr'><strong>pignus</strong></span> <span class='ocrx_word' id='word_1_128' title='bbox 1461 2367 1548 2447; x_wconf 84' lang='lat' dir='ltr'><strong>pacis</strong></span> 
     </span>
     <span class='ocr_line' id='line_1_18' title="bbox 327 2467 1645 2564; baseline -0.005 -27"><span class='ocrx_word' id='word_1_129' title='bbox 327 2473 436 2554; x_wconf 84' lang='lat' dir='ltr'><strong>datur,</strong></span> <span class='ocrx_word' id='word_1_130' title='bbox 469 2475 541 2554; x_wconf 89' lang='lat' dir='ltr'><strong>ipsa</strong></span> <span class='ocrx_word' id='word_1_131' title='bbox 562 2471 754 2538; x_wconf 86' lang='lat' dir='ltr'><strong>testisiidei</strong></span> <span class='ocrx_word' id='word_1_132' title='bbox 776 2477 875 2553; x_wconf 88' lang='lat' dir='ltr'><strong>atque</strong></span> <span class='ocrx_word' id='word_1_133' title='bbox 898 2470 1012 2534; x_wconf 87' lang='lat' dir='ltr'><strong>salutis</strong></span> <span class='ocrx_word' id='word_1_134' title='bbox 1036 2467 1224 2546; x_wconf 81' lang='lat' dir='ltr'><strong>adhibetun3</strong></span> <span class='ocrx_word' id='word_1_135' title='bbox 1253 2473 1286 2532; x_wconf 91' lang='lat' dir='ltr'><strong>et</strong></span> <span class='ocrx_word' id='word_1_136' title='bbox 1313 2468 1374 2534; x_wconf 94' lang='lat' dir='ltr'><strong>hoc</strong></span> <span class='ocrx_word' id='word_1_137' title='bbox 1397 2469 1547 2544; x_wconf 88' lang='lat' dir='ltr'><strong>estillud</strong></span> <span class='ocrx_word' id='word_1_138' title='bbox 1644 2550 1645 2564; x_wconf 10' lang='grc' dir='ltr'>χ</span> 
     </span>
     <span class='ocr_line' id='line_1_19' title="bbox 326 2569 1644 2656; baseline -0.006 -16"><span class='ocrx_word' id='word_1_139' title='bbox 326 2576 414 2656; x_wconf 89' lang='lat' dir='ltr'><strong>apud</strong></span> <span class='ocrx_word' id='word_1_140' title='bbox 433 2575 575 2640; x_wconf 89' lang='lat' dir='ltr'><strong>Tullium</strong></span> <span class='ocrx_word' id='word_1_141' title='bbox 598 2574 666 2656; x_wconf 86' lang='grc' dir='ltr'><em>(ΙΙΙ</em></span> <span class='ocrx_word' id='word_1_142' title='bbox 685 2580 764 2634; x_wconf 74' lang='lat' dir='ltr'><strong>dard.</strong></span> <span class='ocrx_word' id='word_1_143' title='bbox 784 2596 804 2634; x_wconf 82' lang='lat' dir='ltr'><strong>e.</strong></span> <span class='ocrx_word' id='word_1_144' title='bbox 823 2574 869 2654; x_wconf 78' lang='lat'><strong>4):</strong></span> <span class='ocrx_word' id='word_1_145' title='bbox 892 2571 994 2636; x_wconf 79' lang='lat' dir='ltr'><strong>‘fidem</strong></span> <span class='ocrx_word' id='word_1_146' title='bbox 1014 2571 1178 2652; x_wconf 87' lang='lat' dir='ltr'><strong>publicam</strong></span> <span class='ocrx_word' id='word_1_147' title='bbox 1197 2571 1286 2634; x_wconf 88' lang='lat' dir='ltr'><strong>iussu</strong></span> <span class='ocrx_word' id='word_1_148' title='bbox 1305 2576 1438 2634; x_wconf 83' lang='lat' dir='ltr'><strong>senatus</strong></span> <span class='ocrx_word' id='word_1_149' title='bbox 1457 2569 1547 2648; x_wconf 85' lang='lat' dir='ltr'><strong>dedi,’</strong></span> <span class='ocrx_word' id='word_1_150' title='bbox 1643 2600 1644 2620; x_wconf 53' lang='lat' dir='ltr'><strong>r</strong></span> 
     </span>
    </p>
   </div>
   <div class='ocr_carea' id='block_1_8' title="bbox 325 2674 1003 2860">
    <p class='ocr_par' dir='ltr' id='par_1_8' title="bbox 325 2674 1003 2860">
     <span class='ocr_line' id='line_1_20' title="bbox 325 2674 610 2743; baseline 0 -3"><span class='ocrx_word' id='word_1_151' title='bbox 325 2678 344 2740; x_wconf 91' lang='lat' dir='ltr'><strong>i.</strong></span> <span class='ocrx_word' id='word_1_152' title='bbox 367 2695 392 2742; x_wconf 88' lang='grc' dir='ltr'><strong>ε.</strong></span> <span class='ocrx_word' id='word_1_153' title='bbox 416 2674 610 2743; x_wconf 81' lang='lat' dir='ltr'><strong>dexteram.⁸</strong></span> 
     </span>
     <span class='ocr_line' id='line_1_21' title="bbox 868 2805 1003 2860; baseline -0.007 -1"><span class='ocrx_word' id='word_1_154' title='bbox 868 2805 926 2860; x_wconf 89' lang='lat' dir='ltr'><strong>Lib.</strong></span> <span class='ocrx_word' id='word_1_155' title='bbox 945 2806 1003 2858; x_wconf 86' lang='lat' dir='ltr'><strong>XV.</strong></span> 
     </span>
    </p>
   </div>
   <div class='ocr_carea' id='block_1_9' title="bbox 321 2908 1548 3610">
    <p class='ocr_par' dir='ltr' id='par_1_9' title="bbox 321 2908 1548 3610">
     <span class='ocr_line' id='line_1_22' title="bbox 354 2908 1548 3002; baseline -0.002 -28"><span class='ocrx_word' id='word_1_156' title='bbox 354 2987 361 3002; x_wconf 25' lang='grc' dir='ltr'>ε</span> <span class='ocrx_word' id='word_1_157' title='bbox 410 2911 439 2992; x_wconf 85' lang='grc'><strong>2,</strong></span> <span class='ocrx_word' id='word_1_158' title='bbox 463 2910 491 2976; x_wconf 88' lang='grc'><strong>8.</strong></span> <span class='ocrx_word' id='word_1_159' title='bbox 516 2912 690 2978; x_wconf 64' lang='lat' dir='ltr'><strong>Civitas*</strong></span> <span class='ocrx_word' id='word_1_160' title='bbox 704 2911 831 2989; x_wconf 83' lang='lat' dir='ltr'><strong>dicitnr,</strong></span> <span class='ocrx_word' id='word_1_161' title='bbox 855 2928 950 2991; x_wconf 90' lang='lat' dir='ltr'><strong>qnam</strong></span> <span class='ocrx_word' id='word_1_162' title='bbox 973 2928 1036 2974; x_wconf 93' lang='lat' dir='ltr'><strong>non</strong></span> <span class='ocrx_word' id='word_1_163' title='bbox 1058 2910 1212 2988; x_wconf 83' lang='lat' dir='ltr'><strong>advenae,</strong></span> <span class='ocrx_word' id='word_1_164' title='bbox 1238 2909 1295 2973; x_wconf 85' lang='lat' dir='ltr'><strong>sed</strong></span> <span class='ocrx_word' id='word_1_165' title='bbox 1313 2909 1426 2973; x_wconf 83' lang='lat' dir='ltr'><strong>eodem</strong></span> <span class='ocrx_word' id='word_1_166' title='bbox 1445 2908 1548 2972; x_wconf 86' lang='lat' dir='ltr'><strong>innati</strong></span> 
     </span>
     <span class='ocr_line' id='line_1_23' title="bbox 324 3009 1548 3093; baseline -0.007 -13"><span class='ocrx_word' id='word_1_167' title='bbox 324 3014 544 3080; x_wconf 87' lang='lat' dir='ltr'><strong>condiderunt.</strong></span> <span class='ocrx_word' id='word_1_168' title='bbox 574 3011 895 3093; x_wconf 87' lang='lat' dir='ltr'><strong>10.Municipium</strong></span> <span class='ocrx_word' id='word_1_169' title='bbox 911 3017 969 3092; x_wconf 82' lang='lat' dir='ltr'><strong>est,</strong></span> <span class='ocrx_word' id='word_1_170' title='bbox 989 3009 1548 3093; x_wconf 84' lang='lat' dir='ltr'><strong>quodpermanentestatucivitatis</strong></span> 
     </span>
     <span class='ocr_line' id='line_1_24' title="bbox 323 3107 1548 3198; baseline -0.005 -17"><span class='ocrx_word' id='word_1_171' title='bbox 323 3119 374 3182; x_wconf 89' lang='lat' dir='ltr'><strong>ius</strong></span> <span class='ocrx_word' id='word_1_172' title='bbox 384 3117 515 3198; x_wconf 86' lang='lat' dir='ltr'><strong>aliquod</strong></span> <span class='ocrx_word' id='word_1_173' title='bbox 525 3115 657 3180; x_wconf 87' lang='lat' dir='ltr'><strong>minoris</strong></span> <span class='ocrx_word' id='word_1_174' title='bbox 670 3120 728 3179; x_wconf 92' lang='lat' dir='ltr'><strong>aut</strong></span> <span class='ocrx_word' id='word_1_175' title='bbox 737 3114 869 3179; x_wconf 89' lang='lat' dir='ltr'><strong>maioris</strong></span> <span class='ocrx_word' id='word_1_176' title='bbox 879 3111 973 3181; x_wconf 84' lang='lat' dir='ltr'><strong>officii</strong></span> <span class='ocrx_word' id='word_1_177' title='bbox 984 3132 1003 3177; x_wconf 88' lang='lat' dir='ltr'><strong>a</strong></span> <span class='ocrx_word' id='word_1_178' title='bbox 1013 3113 1157 3194; x_wconf 88' lang='lat' dir='ltr'><strong>principe</strong></span> <span class='ocrx_word' id='word_1_179' title='bbox 1172 3107 1336 3192; x_wconf 88' lang='lat' dir='ltr'><strong>impetrat.</strong></span> <span class='ocrx_word' id='word_1_180' title='bbox 1364 3111 1496 3176; x_wconf 85' lang='lat' dir='ltr'><strong>Dictum</strong></span> <span class='ocrx_word' id='word_1_181' title='bbox 1507 3147 1548 3156; x_wconf 87' lang='lat'><em>-</em></span> 
     </span>
     <span class='ocr_line' id='line_1_25' title="bbox 323 3214 1548 3298; baseline -0.005 -16"><span class='ocrx_word' id='word_1_182' title='bbox 323 3238 342 3282; x_wconf 92' lang='lat' dir='ltr'><strong>a</strong></span> <span class='ocrx_word' id='word_1_183' title='bbox 368 3219 500 3296; x_wconf 75' lang='lat' dir='ltr'><strong>munde,</strong></span> <span class='ocrx_word' id='word_1_184' title='bbox 530 3218 549 3282; x_wconf 93' lang='lat' dir='ltr'><strong>i.</strong></span> <span class='ocrx_word' id='word_1_185' title='bbox 572 3236 598 3281; x_wconf 91' lang='lat' dir='ltr'><strong>e.</strong></span> <span class='ocrx_word' id='word_1_186' title='bbox 621 3215 747 3296; x_wconf 66' lang='lat' dir='ltr'><strong>officiis</strong></span> <span class='ocrx_word' id='word_1_187' title='bbox 779 3217 863 3298; x_wconf 90' lang='lat' dir='ltr'><strong>quod</strong></span> <span class='ocrx_word' id='word_1_188' title='bbox 886 3220 1014 3279; x_wconf 87' lang='lat' dir='ltr'><strong>tanturn</strong></span> <span class='ocrx_word' id='word_1_189' title='bbox 1036 3215 1163 3292; x_wconf 85' lang='lat' dir='ltr'><strong>munia,</strong></span> <span class='ocrx_word' id='word_1_190' title='bbox 1186 3215 1205 3278; x_wconf 92' lang='lat' dir='ltr'><strong>i.</strong></span> <span class='ocrx_word' id='word_1_191' title='bbox 1229 3233 1255 3279; x_wconf 93' lang='lat' dir='ltr'><strong>e.</strong></span> <span class='ocrx_word' id='word_1_192' title='bbox 1279 3214 1415 3292; x_wconf 82' lang='lat' dir='ltr'><strong>tributa,</strong></span> <span class='ocrx_word' id='word_1_193' title='bbox 1439 3214 1548 3279; x_wconf 87' lang='lat' dir='ltr'><strong>debita</strong></span> 
     </span>
     <span class='ocr_line' id='line_1_26' title="bbox 321 3313 1548 3398; baseline -0.004 -16"><span class='ocrx_word' id='word_1_194' title='bbox 321 3321 474 3398; x_wconf 87' lang='lat' dir='ltr'><strong>reddant,</strong></span> <span class='ocrx_word' id='word_1_195' title='bbox 500 3320 550 3383; x_wconf 89' lang='lat' dir='ltr'><strong>vel</strong></span> <span class='ocrx_word' id='word_1_196' title='bbox 581 3337 722 3384; x_wconf 90' lang='lat' dir='ltr'><strong>munera.</strong></span> <span class='ocrx_word' id='word_1_197' title='bbox 764 3317 844 3381; x_wconf 90' lang='lat' dir='ltr'><strong>Nam</strong></span> <span class='ocrx_word' id='word_1_198' title='bbox 867 3313 1019 3382; x_wconf 88' lang='lat' dir='ltr'><strong>liberales</strong></span> <span class='ocrx_word' id='word_1_199' title='bbox 1051 3321 1085 3380; x_wconf 88' lang='lat' dir='ltr'><strong>ct</strong></span> <span class='ocrx_word' id='word_1_200' title='bbox 1112 3315 1346 3380; x_wconf 85' lang='lat' dir='ltr'><strong>famosissimae</strong></span> <span class='ocrx_word' id='word_1_201' title='bbox 1375 3333 1493 3380; x_wconf 87' lang='lat' dir='ltr'><strong>causae</strong></span> <span class='ocrx_word' id='word_1_202' title='bbox 1516 3320 1548 3378; x_wconf 84' lang='lat' dir='ltr'><strong>et</strong></span> 
     </span>
     <span class='ocr_line' id='line_1_27' title="bbox 322 3416 1547 3518; baseline -0.002 -34"><span class='ocrx_word' id='word_1_203' title='bbox 322 3439 405 3502; x_wconf 89' lang='lat' dir='ltr'><strong>quae</strong></span> <span class='ocrx_word' id='word_1_204' title='bbox 429 3439 467 3484; x_wconf 85' lang='lat' dir='ltr'><strong>ex</strong></span> <span class='ocrx_word' id='word_1_205' title='bbox 490 3421 635 3502; x_wconf 82' lang='lat' dir='ltr'><strong>principe</strong></span> <span class='ocrx_word' id='word_1_206' title='bbox 657 3418 912 3518; x_wconf 73' lang='lat' dir='ltr'><strong>proficiscuntur,</strong></span> <span class='ocrx_word' id='word_1_207' title='bbox 934 3418 980 3484; x_wconf 93' lang='lat' dir='ltr'><strong>ibi</strong></span> <span class='ocrx_word' id='word_1_208' title='bbox 1003 3437 1065 3490; x_wconf 90' lang='lat' dir='ltr'><strong>non</strong></span> <span class='ocrx_word' id='word_1_209' title='bbox 1090 3423 1240 3499; x_wconf 82' lang='lat' dir='ltr'><strong>aguntur.</strong></span> <span class='ocrx_word' id='word_1_210' title='bbox 1284 3416 1373 3482; x_wconf 89' lang='lat' dir='ltr'><strong>Haec</strong></span> <span class='ocrx_word' id='word_1_211' title='bbox 1396 3417 1481 3482; x_wconf 86' lang='lat' dir='ltr'><strong>enirn</strong></span> <span class='ocrx_word' id='word_1_212' title='bbox 1506 3417 1547 3482; x_wconf 92' lang='lat' dir='ltr'><strong>ad</strong></span> 
     </span>
     <span class='ocr_line' id='line_1_28' title="bbox 321 3519 1547 3610; baseline -0.004 -24"><span class='ocrx_word' id='word_1_213' title='bbox 321 3523 512 3604; x_wconf 85' lang='lat' dir='ltr'><strong>dignitatem</strong></span> <span class='ocrx_word' id='word_1_214' title='bbox 535 3522 704 3586; x_wconf 82' lang='lat' dir='ltr'><strong>civitatum</strong></span> <span class='ocrx_word' id='word_1_215' title='bbox 728 3521 917 3602; x_wconf 79' lang='lat' dir='ltr'><strong>pertinent.4</strong></span> <span class='ocrx_word' id='word_1_216' title='bbox 962 3519 1010 3583; x_wconf 86' lang='lat'><strong>11.</strong></span> <span class='ocrx_word' id='word_1_217' title='bbox 1035 3519 1121 3610; x_wconf 87' lang='lat' dir='ltr'><strong>Vici</strong></span> <span class='ocrx_word' id='word_1_218' title='bbox 1145 3524 1178 3583; x_wconf 93' lang='lat' dir='ltr'><strong>et</strong></span> <span class='ocrx_word' id='word_1_219' title='bbox 1200 3519 1378 3586; x_wconf 88' lang='lat' dir='ltr'><strong>castella</strong></span> <span class='ocrx_word' id='word_1_220' title='bbox 1401 3523 1433 3584; x_wconf 87' lang='lat' dir='ltr'><strong>et</strong></span> <span class='ocrx_word' id='word_1_221' title='bbox 1458 3519 1547 3599; x_wconf 82' lang='lat' dir='ltr'><strong>pagi</strong></span> 
     </span>
    </p>
   </div>
   <div class='ocr_carea' id='block_1_10' title="bbox 321 3620 1642 3704">
    <p class='ocr_par' dir='ltr' id='par_1_10' title="bbox 321 3620 1642 3704">
     <span class='ocr_line' id='line_1_29' title="bbox 321 3620 1642 3704; baseline -0.002 -18"><span class='ocrx_word' id='word_1_222' title='bbox 321 3625 340 3686; x_wconf 92' lang='lat' dir='ltr'><strong>ii</strong></span> <span class='ocrx_word' id='word_1_223' title='bbox 358 3628 441 3702; x_wconf 84' lang='lat' dir='ltr'><strong>sunt,</strong></span> <span class='ocrx_word' id='word_1_224' title='bbox 458 3625 513 3704; x_wconf 92' lang='lat' dir='ltr'><strong>qui</strong></span> <span class='ocrx_word' id='word_1_225' title='bbox 529 3623 618 3687; x_wconf 89' lang='lat' dir='ltr'><strong>nulla</strong></span> <span class='ocrx_word' id='word_1_226' title='bbox 635 3623 795 3704; x_wconf 83' lang='lat' dir='ltr'><strong>dignitate</strong></span> <span class='ocrx_word' id='word_1_227' title='bbox 815 3623 957 3687; x_wconf 90' lang='lat' dir='ltr'><strong>civitatis</strong></span> <span class='ocrx_word' id='word_1_228' title='bbox 976 3626 1143 3702; x_wconf 83' lang='lat' dir='ltr'><strong>ornantur,</strong></span> <span class='ocrx_word' id='word_1_229' title='bbox 1163 3621 1219 3684; x_wconf 89' lang='lat' dir='ltr'><strong>sed</strong></span> <span class='ocrx_word' id='word_1_230' title='bbox 1235 3621 1362 3702; x_wconf 83' lang='lat' dir='ltr'><strong>vulgari</strong></span> <span class='ocrx_word' id='word_1_231' title='bbox 1382 3620 1546 3684; x_wconf 90' lang='lat' dir='ltr'><strong>hominnm</strong></span> <span class='ocrx_word' id='word_1_232' title='bbox 1640 3641 1642 3648; x_wconf 94' lang='lat'>·</span> 
     </span>
    </p>
   </div>
   <div class='ocr_carea' id='block_1_11' title="bbox 320 3722 1546 4008">
    <p class='ocr_par' dir='ltr' id='par_1_11' title="bbox 320 3722 1546 4008">
     <span class='ocr_line' id='line_1_30' title="bbox 321 3722 1546 3805; baseline -0.003 -16"><span class='ocrx_word' id='word_1_233' title='bbox 321 3730 479 3789; x_wconf 88' lang='lat' dir='ltr'><strong>conventu</strong></span> <span class='ocrx_word' id='word_1_234' title='bbox 502 3723 695 3803; x_wconf 87' lang='lat' dir='ltr'><strong>incoluntur,</strong></span> <span class='ocrx_word' id='word_1_235' title='bbox 728 3729 761 3788; x_wconf 90' lang='lat' dir='ltr'><strong>et</strong></span> <span class='ocrx_word' id='word_1_236' title='bbox 784 3729 917 3805; x_wconf 88' lang='lat' dir='ltr'><strong>propter</strong></span> <span class='ocrx_word' id='word_1_237' title='bbox 939 3723 1134 3804; x_wconf 87' lang='lat' dir='ltr'><strong>parvitatem</strong></span> <span class='ocrx_word' id='word_1_238' title='bbox 1157 3722 1207 3786; x_wconf 90' lang='lat' dir='ltr'><strong>sui</strong></span> <span class='ocrx_word' id='word_1_239' title='bbox 1230 3722 1418 3786; x_wconf 91' lang='lat' dir='ltr'><strong>maioribus·</strong></span> <span class='ocrx_word' id='word_1_240' title='bbox 1432 3722 1546 3786; x_wconf 86' lang='lat' dir='ltr'><strong>civita-</strong></span> 
     </span>
     <span class='ocr_line' id='line_1_31' title="bbox 320 3825 661 3892; baseline 0.006 -4"><span class='ocrx_word' id='word_1_241' title='bbox 320 3826 406 3892; x_wconf 87' lang='lat' dir='ltr'><strong>tibus</strong></span> <span class='ocrx_word' id='word_1_242' title='bbox 429 3825 661 3890; x_wconf 86' lang='lat' dir='ltr'><strong>attribuuntur.</strong></span> 
     </span>
     <span class='ocr_line' id='line_1_32' title="bbox 406 3923 1546 4008; baseline 0.002 -20"><span class='ocrx_word' id='word_1_243' title='bbox 406 3925 460 4006; x_wconf 79' lang='lat'><strong>12,</strong></span> <span class='ocrx_word' id='word_1_244' title='bbox 483 3925 513 3990; x_wconf 84' lang='lat'><strong>2.</strong></span> <span class='ocrx_word' id='word_1_245' title='bbox 537 3925 751 4008; x_wconf 85' lang='lat' dir='ltr'><strong>Tugurium</strong></span> <span class='ocrx_word' id='word_1_246' title='bbox 782 3928 893 3992; x_wconf 89' lang='lat' dir='ltr'><strong>casula</strong></span> <span class='ocrx_word' id='word_1_247' title='bbox 926 3933 988 4005; x_wconf 84' lang='lat' dir='ltr'><strong>est,</strong></span> <span class='ocrx_word' id='word_1_248' title='bbox 1021 3945 1118 4008; x_wconf 88' lang='lat' dir='ltr'><strong>quam</strong></span> <span class='ocrx_word' id='word_1_249' title='bbox 1150 3923 1275 3989; x_wconf 88' lang='lat' dir='ltr'><strong>faciunt</strong></span> <span class='ocrx_word' id='word_1_250' title='bbox 1303 3924 1365 3989; x_wconf 90' lang='lat' dir='ltr'><strong>sibi</strong></span> <span class='ocrx_word' id='word_1_251' title='bbox 1393 3927 1546 3990; x_wconf 83' lang='lat' dir='ltr'><strong>custodes</strong></span> 
     </span>
    </p>
   </div>
   <div class='ocr_carea' id='block_1_12' title="bbox 321 4075 523 4082">
    <p class='ocr_par' dir='ltr' id='par_1_12' title="bbox 321 4075 523 4082">
     <span class='ocr_line' id='line_1_33' title="bbox 321 4075 523 4082; baseline 0 0"><span class='ocrx_word' id='word_1_252' title='bbox 321 4075 523 4082; x_wconf 75' lang='lat'><strong>—·-—...--—..-</strong></span> 
     </span>
    </p>
   </div>
   <div class='ocr_carea' id='block_1_13' title="bbox 318 4141 1548 4552">
    <p class='ocr_par' dir='ltr' id='par_1_13' title="bbox 318 4141 1548 4552">
     <span class='ocr_line' id='line_1_34' title="bbox 389 4141 1546 4210; baseline -0.001 -12"><span class='ocrx_word' id='word_1_253' title='bbox 389 4147 412 4210; x_wconf 76' lang='lat'><strong>1)</strong></span> <span class='ocrx_word' id='word_1_254' title='bbox 432 4147 472 4199; x_wconf 87' lang='lat' dir='ltr'><strong>Cf.</strong></span> <span class='ocrx_word' id='word_1_255' title='bbox 491 4147 553 4200; x_wconf 79' lang='lat' dir='ltr'><strong>Gai.</strong></span> <span class='ocrx_word' id='word_1_256' title='bbox 571 4151 596 4209; x_wconf 89' lang='lat'><strong>1,</strong></span> <span class='ocrx_word' id='word_1_257' title='bbox 614 4149 658 4199; x_wconf 78' lang='lat'><strong>26.</strong></span> <span class='ocrx_word' id='word_1_258' title='bbox 676 4149 763 4200; x_wconf 78' lang='lat'><strong>27.-</strong></span> <span class='ocrx_word' id='word_1_259' title='bbox 780 4146 806 4205; x_wconf 76' lang='lat'><strong>2)</strong></span> <span class='ocrx_word' id='word_1_260' title='bbox 824 4145 865 4202; x_wconf 83' lang='lat' dir='ltr'><strong>uf.</strong></span> <span class='ocrx_word' id='word_1_261' title='bbox 885 4143 957 4199; x_wconf 77' lang='lat' dir='ltr'><strong>Sera.</strong></span> <span class='ocrx_word' id='word_1_262' title='bbox 976 4145 1043 4197; x_wconf 79' lang='lat' dir='ltr'><strong>Aca.</strong></span> <span class='ocrx_word' id='word_1_263' title='bbox 1062 4147 1103 4208; x_wconf 91' lang='lat'><strong>11,</strong></span> <span class='ocrx_word' id='word_1_264' title='bbox 1122 4146 1180 4196; x_wconf 83' lang='lat'><strong>133.</strong></span> <span class='ocrx_word' id='word_1_265' title='bbox 1209 4141 1546 4205; x_wconf 74' lang='lat' dir='ltr'><strong>Geil.20,11:‘scu1nam</strong></span> 
     </span>
     <span class='ocr_line' id='line_1_35' title="bbox 318 4228 1547 4300; baseline 0 -18"><span class='ocrx_word' id='word_1_266' title='bbox 318 4231 397 4298; x_wconf 82' lang='lat' dir='ltr'><strong>volgo</strong></span> <span class='ocrx_word' id='word_1_267' title='bbox 415 4229 475 4298; x_wconf 86' lang='lat' dir='ltr'><strong>dici,</strong></span> <span class='ocrx_word' id='word_1_268' title='bbox 494 4231 570 4299; x_wconf 86' lang='lat' dir='ltr'><strong>qnasi</strong></span> <span class='ocrx_word' id='word_1_269' title='bbox 587 4231 731 4295; x_wconf 86' lang='lat' dir='ltr'><strong>seculnam,</strong></span> <span class='ocrx_word' id='word_1_270' title='bbox 741 4246 818 4299; x_wconf 87' lang='lat' dir='ltr'><strong>quem</strong></span> <span class='ocrx_word' id='word_1_271' title='bbox 829 4229 875 4300; x_wconf 92' lang='lat' dir='ltr'><strong>qui</strong></span> <span class='ocrx_word' id='word_1_272' title='bbox 884 4228 1054 4298; x_wconf 75' lang='lat' dir='ltr'><strong>elegantius·</strong></span> <span class='ocrx_word' id='word_1_273' title='bbox 1070 4229 1214 4296; x_wconf 86' lang='lat' dir='ltr'><strong>loquuntur</strong></span> <span class='ocrx_word' id='word_1_274' title='bbox 1222 4229 1386 4295; x_wconf 86' lang='lat' dir='ltr'><strong>sequestrem</strong></span> <span class='ocrx_word' id='word_1_275' title='bbox 1395 4228 1547 4296; x_wconf 82' lang='lat' dir='ltr'><strong>appellant.</strong></span> 
     </span>
     <span class='ocr_line' id='line_1_36' title="bbox 318 4311 1548 4384; baseline 0.001 -18"><span class='ocrx_word' id='word_1_276' title='bbox 318 4313 464 4383; x_wconf 89' lang='lat' dir='ltr'><strong>Utrumque</strong></span> <span class='ocrx_word' id='word_1_277' title='bbox 482 4316 641 4368; x_wconf 85' lang='lat' dir='ltr'><strong>vocabulum</strong></span> <span class='ocrx_word' id='word_1_278' title='bbox 659 4332 675 4368; x_wconf 88' lang='lat' dir='ltr'><strong>a</strong></span> <span class='ocrx_word' id='word_1_279' title='bbox 693 4316 825 4384; x_wconf 88' lang='lat' dir='ltr'><strong>sequendo</strong></span> <span class='ocrx_word' id='word_1_280' title='bbox 844 4315 943 4368; x_wconf 87' lang='lat' dir='ltr'><strong>factum</strong></span> <span class='ocrx_word' id='word_1_281' title='bbox 962 4316 1012 4374; x_wconf 84' lang='lat' dir='ltr'><strong>est,</strong></span> <span class='ocrx_word' id='word_1_282' title='bbox 1031 4312 1099 4381; x_wconf 91' lang='lat' dir='ltr'><strong>qnod</strong></span> <span class='ocrx_word' id='word_1_283' title='bbox 1118 4313 1183 4377; x_wconf 83' lang='lat' dir='ltr'><strong>eins,</strong></span> <span class='ocrx_word' id='word_1_284' title='bbox 1192 4311 1238 4380; x_wconf 88' lang='lat' dir='ltr'><strong>qui</strong></span> <span class='ocrx_word' id='word_1_285' title='bbox 1256 4312 1357 4365; x_wconf 87' lang='lat' dir='ltr'><strong>eiectus</strong></span> <span class='ocrx_word' id='word_1_286' title='bbox 1373 4311 1420 4374; x_wconf 87' lang='lat' dir='ltr'><strong>sit,</strong></span> <span class='ocrx_word' id='word_1_287' title='bbox 1430 4315 1548 4383; x_wconf 85' lang='lat' dir='ltr'><strong>utraque</strong></span> 
     </span>
     <span class='ocr_line' id='line_1_37' title="bbox 318 4394 1548 4474; baseline 0.002 -24"><span class='ocrx_word' id='word_1_288' title='bbox 318 4415 378 4464; x_wconf 87' lang='lat' dir='ltr'><strong>pers</strong></span> <span class='ocrx_word' id='word_1_289' title='bbox 396 4399 476 4452; x_wconf 85' lang='lat' dir='ltr'><strong>fidem</strong></span> <span class='ocrx_word' id='word_1_290' title='bbox 493 4400 635 4474; x_wconf 84' lang='lat' dir='ltr'><strong>sequatur&#39;.</strong></span> <span class='ocrx_word' id='word_1_291' title='bbox 671 4401 708 4454; x_wconf 91' lang='lat' dir='ltr'><strong>D.</strong></span> <span class='ocrx_word' id='word_1_292' title='bbox 728 4403 896 4466; x_wconf 84' lang='lat'><strong><em>50,16‚110.</em></strong></span> <span class='ocrx_word' id='word_1_293' title='bbox 916 4399 1033 4461; x_wconf 83' lang='lat' dir='ltr'><strong>Mutbcr,</strong></span> <span class='ocrx_word' id='word_1_294' title='bbox 1048 4396 1250 4464; x_wconf 77' lang='lat' dir='ltr'><strong>chncstrcic&#39;on</strong></span> <span class='ocrx_word' id='word_1_295' title='bbox 1262 4394 1382 4464; x_wconf 78' lang='lat'><strong>§1-15.</strong></span> <span class='ocrx_word' id='word_1_296' title='bbox 1405 4426 1437 4435; x_wconf 97' lang='lat'>—</span> <span class='ocrx_word' id='word_1_297' title='bbox 1456 4398 1483 4455; x_wconf 71' lang='lat'><strong>3)</strong></span> <span class='ocrx_word' id='word_1_298' title='bbox 1504 4399 1548 4452; x_wconf 77' lang='lat' dir='ltr'><strong>uf.</strong></span> 
     </span>
     <span class='ocr_line' id='line_1_38' title="bbox 319 4481 956 4552; baseline 0.003 -17"><span class='ocrx_word' id='word_1_299' title='bbox 319 4481 392 4537; x_wconf 80' lang='lat' dir='ltr'><strong>Serv.</strong></span> <span class='ocrx_word' id='word_1_300' title='bbox 411 4486 477 4539; x_wconf 79' lang='lat' dir='ltr'><strong>Aen.</strong></span> <span class='ocrx_word' id='word_1_301' title='bbox 496 4487 521 4549; x_wconf 84' lang='lat'><strong>3,</strong></span> <span class='ocrx_word' id='word_1_302' title='bbox 539 4488 599 4539; x_wconf 81' lang='lat'><strong>607.</strong></span> <span class='ocrx_word' id='word_1_303' title='bbox 618 4515 650 4524; x_wconf 90' lang='lat'>-</span> <span class='ocrx_word' id='word_1_304' title='bbox 667 4486 693 4552; x_wconf 84' lang='lat'><strong>4)</strong></span> <span class='ocrx_word' id='word_1_305' title='bbox 712 4485 750 4540; x_wconf 84' lang='lat' dir='ltr'><strong>cf.</strong></span> <span class='ocrx_word' id='word_1_306' title='bbox 771 4485 838 4539; x_wconf 77' lang='lat' dir='ltr'><strong>Geli.</strong></span> <span class='ocrx_word' id='word_1_307' title='bbox 857 4488 898 4550; x_wconf 83' lang='lat'><strong>16,</strong></span> <span class='ocrx_word' id='word_1_308' title='bbox 915 4487 956 4537; x_wconf 84' lang='lat'><strong>13.</strong></span> 
     </span>
    </p>
   </div>
   <div class='ocr_carea' id='block_1_14' title="bbox 0 0 1668 5351">
    <p class='ocr_par' dir='ltr' id='par_1_14' title="bbox 0 0 1668 5351">
     <span class='ocr_line' id='line_1_39' title="bbox 0 0 1668 5351; baseline 0 0"><span class='ocrx_word' id='word_1_309' title='bbox 0 0 1668 5351; x_wconf 95' lang='lat' dir='ltr'><strong> </strong></span> 
     </span>
    </p>
   </div>
  </div>
 </body>
</html>
