3346 5344
552 441 637 574 Legexs
656 503 711 558 XII
728 504 887 560 tabularum.
1293 509 1335 572 35

196 673 224 740 6.
249 675 313 742 016.
337 676 396 757 (de.
419 676 469 756 off.
493 683 523 757 3,
543 679 609 761 31):
638 675 969 742 Nullumevineulum
997 678 1039 758 ad
1066 679 1332 762 adstringendum

112 774 207 840 fidem
238 778 501 846 iureiurando
528 782 665 846 maiores
693 781 796 844 artius
826 797 895 844 esse
925 777 1108 859 voluerunt3
1131 782 1166 846 id
1187 781 1332 846 indicant

115 879 202 958 leges
226 879 258 942 in
282 878 344 943 XII
367 883 434 947 tab.

200 978 226 1045 1.
250 981 336 1046 Ptin.
362 981 409 1062 ’(6.
433 983 460 1046 ir.
485 989 514 1061 7,
538 988 588 1062 60,
612 983 703 1066 212):
737 981 800 1046 XII
823 981 888 1047 tab.
919 987 1102 1058 ortus.et
1124 1000 1255 1048 occasus
1277 1003 1333 1048 116-

114 1083 302 1166 minantur.¹
604 1154 606 1158 ,

116 1175 120 1185 “
199 1183 227 1249 8.
251 1185 322 1250 Gai.
345 1186 386 1267 (1,
411 1187 654 1266 122).·-611111
678 1185 781 1250 aereis
796 1191 925 1250 tantum
941 1187 1079 1251 nummis
1097 1187 1283 1266 utebantur,
1304 1194 1337 1252 et

116 1291 208 1349 erant
231 1306 331 1367 asses,
363 1288 534 1370 dupondii,
557 1289 705 1353 semisses
732 1293 764 1352 et
784 1289 996 1369 quadrantes,
1020 1306 1078 1353 nee
1106 1285 1191 1374 ullus
1215 1307 1333 1380 aurens

116 1387 164 1450 vel
184 1394 355 1469 argenteus
378 1408 526 1454 nummus
549 1391 582 1454 in
604 1409 666 1455 usu
689 1395 769 1471 erat,
794 1391 889 1455 sicuti
912 1391 1043 1472 exlege
1067 1389 1129 1454 XII
1151 1392 1217 1456 tab.
1241 1391 1335 1456 intel-

117 1488 222 1568 legere
245 1493 439 1569 possumus.2

198 1589 226 1654 9.
251 1592 326 1656 Get.
350 1593 368 1656 1.
384 1593 467 1657 Vari
482 1593 564 1658 XII
579 1595 633 1675 (D.
649 1599 698 1673 50,
715 1599 764 1673 16,
782 1595 871 1678 237).·
892 1595 1027 1660 Duobus
1051 1594 1211 1674 negativis
1230 1594 1335 1659 verbis

114 1693 214 1771 quasi
230 1695 392 1773 permittit
414 1696 465 1759 lex
485 1695 561 1778 (XII
575 1697 656 1779 tab.)
674 1699 778 1778 magis
794 1689 891 1778 quam
910 1695 1093 1778 prohibuit:
1116 1695 1213 1778 idque
1236 1697 1334 1762 etiam

113 1792 243 1858 Servius
267 1794 455 1879 (sulpitius)
480 1799 716 1863 animadvertit.

200 1894 247 1960 10.
271 1897 342 1961 Gai.
360 1899 380 1962 1.
405 1899 459 1962 VI
467 1901 509 1963 ad
527 1899 609 1963 XII
618 1899 672 1980 (D.
690 1904 740 1978 50,
763 1905 812 1978 16,
830 1905 906 1979 238,
924 1900 967 1982 1).·
986 1894 1261 1964 ‘Detestatum’
1288 1906 1337 1964 est·

115 1999 291 2062 testatione
315 2001 550 2064 denuntiatum.
916 1997 918 2000 ’

203 2100 249 2164 ll.
273 2101 381 2165 Sidera
399 2102 463 2184 Ap.
486 2102 543 2185 (ep.
554 2105 584 2180 8,
596 2103 639 2185 6).·
657 2103 718 2167 Per
740 2104 845 2184 ipsum
867 2102 934 2166 fere
957 2107 1093 2183 tempus,
1117 2107 1153 2165 ut
1177 2103 1335 2166 decemvi-

114 2204 228 2267 raliter
238 2203 360 2284 loquar,
373 2205 425 2268 lex
435 2205 474 2268 de
485 2205 738 2286 praescriptione
752 2205 902 2270 tricennii
911 2203 1019 2269 fuerat
1028 2201 1037 2226 ‘
1047 2203 1287 2284 proquirItat
1296 2199 1338 2268 a'.

115 2373 161 2425 ‘in
178 2375 231 2426 XII
248 2403 282 2409 ——
301 2383 394 2439 esset,
420 2378 519 2426 iussum
540 2378 633 2442 populi
656 2387 681 2428 et
704 2377 827 2442 suffragia
850 2371 918 2426 esse’.
955 2371 1071 2426 61166.
1090 2373 1181 2439 9‚34:
1206 2370 1334 2439 (Sempro-

114 2453 174 2500 nius
193 2459 223 2502 tr.
242 2453 277 2516 pl.
296 2455 344 2518 Ap.
364 2453 471 2504 Claudio
490 2453 585 2515 dixin)
604 2481 637 2488 -
651 2453 732 2505 ‘nemo
751 2471 838 2504 eorum
857 2449 1006 2516 (tensorum)
1024 2452 1076 2503 XII
1095 2453 1145 2503 tab.
1162 2451 1243 2516 legit?
1262 2468 1336 2502 nemo

114 2530 194 2578 idius
213 2545 274 2592 esse,
292 2531 358 2596 quod
377 2540 503 2596 postremo
518 2532 627 2596 populus
642 2533 768 2606 iussisset,
786 2533 861 2582 sciit?
880 2531 959 2580 [mmo
976 2524 1275 2580 veroomnesseiveruut’
1293 2530 1338 2579 ete.

186 2679 211 2744 1)
229 2677 268 2732 Cf.
287 2683 310 2743 1,
329 2683 354 2734 9.
374 2710 406 2718 -
424 2681 450 2744 2)
469 2681 510 2734 Of.
530 2680 595 2743 Mo„
613 2681 875 2735 remsmnnzwesen.
891 2697 921 2748 p.
940 2681 998 2734 175.
