3330 5400
807 445 893 514 Leges
911 447 1009 513 regiae.

773 626 806 680 b.
830 623 1047 678 Familia.

386 759 413 822 7.
435 758 533 823 Dion.
547 753 741 839 (2‚25):1t)
764 756 800 820 δὲ
816 751 984 838 ’Ῥωμύλος
1005 790 1047 800 -
1070 749 1127 816 tvo
1139 788 1155 817 e
1167 747 1274 836 νόμον
1296 788 1338 796 -
1361 769 1540 835 καταστη-

301 859 443 945 σάμενος
466 859 512 936 εἰς
534 855 756 942 σωφροσύνην
778 893 819 902 -
844 851 941 941 ἤγαγε
972 855 1032 932 τὰς
1058 865 1224 938 γυναῖκας.
1255 838 1296 938 ἦν
1328 853 1366 918 de
1395 849 1537 928 τοιόςδε

300 961 318 1030 ὁ
343 960 455 1047 νόμος·
478 975 620 1044 γυναῖκα
636 956 781 1044 γαμετὴν
799 958 862 1038 τὴν
885 958 971 1024 κατὰ
993 953 1139 1043 χάμούς2
1161 957 1271 1040 ἱερούς
1293 961 1541 1024 συνελθοῦσαν

301 1061 400 1150 ἀνδρὶ
423 1062 595 1130 κοινωνὸν
618 1058 781 1127 ἁπάντων
804 1057 890 1126 εἶναι
910 1058 1090 1146 χρημάτων
1113 1084 1149 1126 τε
1172 1061 1227 1124 καὶ
1250 1058 1362 1142 ἱερῶν.

385 1166 413 1232 8.
430 1166 666 1243 Ιλίοιι.(2,25).·3
682 1165 793 1228 Ταῦτα
804 1201 821 1231 e
832 1161 864 1230 oi
875 1177 1042 1247 συγγενεῖς
1050 1161 1134 1248 μετὰ
1144 1167 1206 1228 τοῦ
1222 1157 1348 1247 ἀνδρὸς
1363 1162 1539 1244 ἐδίκαζον

300 1272 337 1337 ἐν
360 1266 410 1347 οἷς
434 1260 474 1353 ἧν
496 1265 613 1349 φθορὰ
636 1262 800 1349 σώματος,
822 1267 942 1330 καὶ-
964 1265 993 1330 εί
1016 1289 1067 1342 τις
1093 1260 1190 1330 οἶνον
1221 1261 1376 1347 εύρεθείη
1403 1269 1537 1329 πιοῦσα

300 1370 392 1459 γυνή.
430 1367 603 1455 ἀμφότερα
637 1366 700 1451 χάρ
735 1373 841 1432 ταῦτα
877 1365 1022 1452 θανάτῳ
1060 1371 1199 1452 ζημιοῦν
1235 1362 1470 1450 συνεχώρησεν
1515 1363 1535 1430 ὁ

297 1471 471 1560 Ῥωμύλος.

386 1574 416 1639 9.
440 1573 525 1638 Prot.
540 1572 638 1653 (Rern.
655 1570 749 1652 22).·4
767 1564 887 1655 Ἔθηκε
906 1571 943 1636 δὲ
962 1571 1018 1635 καὶ
1037 1567 1162 1656 νόμους
1180 1566 1276 1645 τινάς
1293 1565 1324 1648 (ὁ
1342 1565 1538 1652 Ῥωμύλος),

295 1667 352 1749 ,civ
375 1673 524 1759 σφοδρὸς
545 1675 605 1758 μέν
633 1672 723 1738 ἐστιν
755 1670 773 1737 ὁ
805 1673 937 1756 γυναικὶ
966 1671 1009 1756 μὴ
1041 1670 1158 1747 διδούς
1190 1666 1386 1736 ἀπολείπειν
1415 1665 1536 1754 ἀνδρα,

303 1790 444 1856 γυναῖκα
475 1777 512 1842 δὲ
540 1773 656 1851 διδούς
685 1770 857 1854 ἐκβάλλειν
887 1773 941 1838 ἐπὶ
969 1775 1156 1862 φαρμακείᾳ
1188 1774 1318 1838 τέκνων
1341 1769 1361 1856 ἢ
1384 1773 1537 1838 κλειδῶν

303 1879 455 1962 ὑποβολῇ
485 1879 541 1943 καὶ
570 1883 813 1962 μοιχευθεῖσαν·
845 1875 873 1940 εἰ
904 1871 933 1939 δ
967 1869 1076 1952 ἀλλως
1103 1899 1153 1951 τις
1180 1871 1438 1958 ἀποπέμψαιτο,
1472 1879 1537 1958 τῆς

304 1977 418 2057 οὐσίας
440 1975 547 2046 αὐτοῦ
570 1978 610 2044 τδ
641 1980 703 2064 μὲν
725 1983 785 2065 τῆς
816 1975 975 2062 χυναικδς
1006 1973 1109 2058 εἶναι,
1141 1976 1181 2043 τδ
1210 1978 1246 2041 δὲ
1275 1980 1334 2059 τῆς
1357 1973 1536 2062 Δήμητρος

304 2081 396 2167 ἱερὸν
427 2078 582 2148 κελεύων·
614 2079 677 2146 τδν
708 2075 736 2145 δ
769 2075 987 2163 ἀποδόμενον
1019 2091 1161 2164 γυναῖκα
1191 2075 1340 2145 θύεσθαι
1376 2079 1537 2161 χθονίοις

303 2191 406 2262 θεοῖς.
671 2191 673 2196 ’
815 2205 819 2210 ·

391 2285 438 2352 10.
463 2287 560 2351 Dion.
577 2283 786 2368 (2‚26.27.).·⁵
806 2281 848 2364 (Ο
860 2280 1039 2367 Ῥωμύλος)
1058 2275 1191 2348 ἀπασαν
1199 2293 1218 2350 'e
1229 2281 1357 2347 ἔδωκεν
1379 2283 1537 2362 ἐξουσίαν

303 2390 406 2473 πατρὶ
429 2383 507 2453 καθ’
533 2382 618 2461 υἱοῦ,
648 2383 706 2450 καὶ
726 2383 817 2469 παρὰ
849 2381 962 2448 πάντα
985 2383 1047 2449 τδν
1069 2391 1133 2450 τοῦ
1154 2388 1231 2466 βίον
1251 2381 1386 2468 χρόνον,
1409 2382 1475 2450 ede
1497 2408 1536 2449 τε

307 2490 445 2573 είρχειν,
475 2485 589 2556 ἐάντε
611 2490 815 2571 μαστιγοῦν,
847 2481 907 2550 ἐάν
938 2509 975 2550 τε
998 2485 1134 2570 δέσμιον
1156 2488 1211 2553 ἐπὶ
1234 2491 1306 2552 τῶν
1329 2481 1400 2551 κατ’
1427 2481 1536 2571 ἀχρδν

307 2590 414 2676 ἐ’ργων
437 2590 595 2672 κατέχειν,
626 2584 686 2653 ε’ἀν
709 2612 745 2652 τε
769 2581 1041 2653 ἀποκτιννύναι6
1062 2593 1274 2674 προαιρῆται
1299 2625 1342 2634 -
1372 2583 1455 2653 ἀλλά
1479 2589 1536 2652 καὶ

307 2697 435 2757 πωλεῖν
457 2691 558 2772 ἐφῆκε
578 2688 641 2754 τὸν
666 2686 742 2753 υίδν
763 2693 814 2773 τῷ
836 2689 947 2771 πατρὶ,
980 2724 1017 2734 -
1047 2691 1230 2755 καὶτοῦτο
1255 2687 1461 2775 συνεχώρησε
1485 2693 1538 2772 ru*

310 2892 392 2945 fuisse
414 2891 526 2944 incisam
550 2891 578 2943 in
603 2891 723 2944 columna
741 2907 819 2944 aerea
842 2907 857 2943 a
880 2891 908 2943 L.
933 2889 1038 2944 Pinario
1057 2894 1084 2946 et
1103 2891 1182 2945 Furio
1201 2908 1252 2945 cos.
1271 2891 1351 2957 (282),
1376 2891 1419 2944 cui
1437 2891 1537 2944 mentio

309 2975 477 3034 intercalaris
500 2974 651 3028 ascribitur.
688 2974 729 3030 Of.
760 2975 850 3044 Volet,
868 2976 911 3028 ιἰιε
934 2976 981 3029 αὐ.
1009 2993 1036 3029 α.
1063 2983 1132 3044 μιαί.
1159 2979 1218 3029 187.
1243 2993 1269 3031 κ.
1293 2978 1351 3028 175,
1379 2973 1535 3035 Mommsen,

310 3059 436 3113 Chroncl.
455 3063 496 3113 11.
514 3063 556 3114 31.
575 3062 618 3112 40.
654 3059 790 3125 Huschke,
807 3064 872 3112 νδιιι.
892 3059 971 3113 scae.
989 3065 1014 3121 1,
1033 3063 1190 3116 eet-58.—

340 3157 343 3162 '
379 3147 404 3213 1)
423 3145 562 3211 (Romulus
580 3159 632 3198 uua
649 3146 755 3198 tantum
773 3145 833 3212 lege
850 3145 907 3197 lata
931 3145 964 3197 ad
982 3145 1139 3198 modestiam
1157 3145 1267 3199 adduxit
1284 3161 1385 3199 uxores
1405 3143 1478 3208 Quae
1494 3144 1538 3196 lex

310 3231 375 3284 haee
393 3233 463 3284 erat:
483 3246 597 3293 uxorem,
616 3246 683 3298 quae
701 3230 802 3298 nuptiis
821 3229 931 3283 sacratis
950 3230 1175 3296 (confarreationc)
1193 3231 1221 3283 in
1239 3246 1345 3284 manum
1364 3229 1456 3282 mariti
1474 3244 1535 3282 con-

292 3303 435 3380 'venisset
453 3315 662 3368 communionem
680 3331 738 3367 cum
757 3331 786 3369 eo
804 3314 900 3368 habere
919 3315 1034 3368 omnium
1046 3314 1172 3368 bonorum
1191 3319 1217 3368 et
1232 3317 1381 3374 sacrorum.)
1396 3343 1427 3351 —
1448 3313 1474 3377 2)
1496 3313 1535 3366 lta

311 3398 431 3454 Sintene's
449 3416 495 3467 pro
515 3395 647 3467 ινόμους’.
684 3429 717 3437 -
751 3399 777 3463 3)
797 3400 847 3465 (De
870 3400 911 3452 his
933 3398 1260 3469 cognoscebantjcognati
1287 3415 1345 3452 cum
1369 3397 1481 3452 marito:
1505 3397 1535 3450 de

309 3485 448 3539 adulteriis
470 3488 498 3538 et
522 3486 544 3540 si
571 3501 624 3552 que
649 3484 741 3537 vinum
770 3483 866 3539 bibisse
897 3488 1063 3554 argueretur3
1095 3483 1144 3537 hoc
1175 3487 1318 3553 utrumque
1349 3483 1420 3536 enim
1452 3491 1535 3536 morte

310 3570 403 3638 punire
426 3569 557 3624 Romulus
574 3570 720 3632 concessit.)
739 3569 781 3623 Ol.
801 3569 873 3623 Fert.
892 3569 1025 3623 Osculum.
1053 3599 1085 3608 -
1112 3571 1137 3635 4)
1157 3569 1315 3634 (Constituit
1342 3583 1445 3637 qnoque
1464 3568 1536 3634 leges

310 3653 448 3722 quasdam,
471 3670 581 3722 quarum
602 3655 650 3708 illa
668 3654 733 3707 dura
751 3658 799 3712 est.
818 3671 883 3721 quae
903 3655 975 3707 uxori
992 3671 1044 3707 non
1062 3655 1196 3723 permittit
1206 3654 1337 3707 divertere
1351 3652 1481 3719 amarito,
1508 3655 1536 3705 at

310 3739 405 3792 marito
423 3739 557 3806 permittit
573 3755 679 3793 uxorem
697 3738 839 3806 repudiare
857 3743 965 3805 propter
981 3739 1138 3792 veneficium
1156 3739 1224 3792 circa
1237 3739 1337 3804 prolem
1355 3737 1399 3790 rel
1417 3736 1536 3790 falsatio-

311 3839 371 3876 nem
394 3822 510 3875 clavium
527 3823 571 3874 rel
594 3823 756 3876 adulterium
774 3822 954 3886 commissum,
978 3822 1001 3874 ei
1019 3838 1079 3875 vero
1103 3823 1183 3876 aliter
1205 3823 1263 3890 quis
1289 3838 1305 3874 a
1332 3839 1359 3876 sc
1386 3821 1535 3876 dimitteret

311 3921 429 3968 uxorem,
451 3906 577 3958 bonorum
600 3907 657 3959 cius
683 3909 786 3974 partem
805 3907 893 3960 uxoris
917 3907 987 3969 fieri,
1008 3912 1112 3974 partem
1136 3907 1227 3961 Cereri
1249 3923 1350 3960 sacram
1368 3921 1425 3959 esse
1447 3906 1535 3970 iussit;

313 3991 358 4058 qui
384 3993 475 4043 autern
493 3988 619 4042 venderet
637 4007 752 4056 uxorem,
772 3991 823 4044 diis
840 3990 933 4044 inferis
951 3991 1099 4052 immolari.)
1110 3991 1141 4045 cl.
1153 3991 1328 4061 Scbleec'oqer,
1346 3990 1432 4045 ΖΒΘ.
1448 3994 1474 4053 8,
1492 3995 1534 4045 58.

311 4104 345 4114 -
367 4077 394 4140 b)
413 4075 497 4138 (Rom.
515 4089 618 4126 omnem
642 4078 802 4142 potestatem
825 4077 852 4128 in
870 4075 955 4128 filium
974 4076 1045 4141 patri
1062 4077 1198 4140 concessit,
1217 4076 1294 4145 idque
1314 4079 1371 4130 toto
1385 4075 1459 4128 vitoe
1473 4082 1536 4129 tem-

249 4173 252 4180 ·
311 4175 387 4228 pore,
405 4159 459 4212 sive
478 4174 537 4212 euru
556 4173 660 4212 carcere
677 4159 825 4227 includere,
848 4161 901 4214 sire
920 4160 1058 4227 flagellare
1076 4160 1131 4214 sive
1149 4161 1268 4214 vinctum
1287 4160 1320 4212 ad
1338 4160 1418 4226 opera
1435 4161 1533 4214 rustica

312 4243 445 4306 detinere,
468 4243 525 4296 sire
543 4241 658 4295 occidere
676 4243 770 4307 vellet;
794 4246 875 4298 etiam
892 4244 1006 4298 vendere
1024 4245 1110 4298 filium
1129 4245 1249 4314 permisit
1268 4245 1352 4312 patri3
1372 4244 1436 4312 quin
1455 4245 1533 4299 etiarn

312 4327 361 4380 hoc
379 4328 508 4381 concessit
524 4326 604 4398 patri,
621 4342 703 4395 usque
722 4327 756 4380 ad
773 4329 882 4382 tertiam
892 4329 1071 4384 venditionem
1089 4345 1120 4383 ex
1138 4330 1193 4383 lilio
1208 4332 1347 4398 quaestum
1363 4328 1460 4397 facere,
1478 4333 1535 4397 post

313 4413 423 4465 tertiam
440 4429 502 4466 vcro
520 4409 698 4464 venditionem
725 4411 892 4465 liberabatur
917 4413 989 4466 filius
1007 4430 1023 4466 a
1040 4416 1134 4480 patre.)
1152 4443 1185 4454 —
1204 4417 1229 4478 6)
1248 4414 1281 4467 cf.
1301 4413 1401 4482 Papia.
1421 4415 1451 4467 ιἰι
1471 4415 1533 4469 Coll.

312 4499 382 4560 4,8.·
400 4495 477 4550 ‘Cum
496 4496 567 4563 patri
585 4496 626 4548 lex
644 4495 718 4563 regia
736 4495 839 4550 dederit
856 4498 884 4549 in
903 4498 988 4550 filium
1006 4499 1077 4553 vitae
1096 4499 1216 4568 necisque
1234 4500 1411 4566 potestatem'.
