3296 5370
369 395 432 459 142
765 375 768 381 ¹
853 389 968 444 Senatus
987 389 1115 444 consults

370 585 504 647 operum
535 565 631 629 etiam
666 564 866 644 privatorum
893 560 1054 640 custodia,
1087 557 1092 643 Ι
1120 559 1340 641 deberentque
1367 560 1520 644 apstinere
1542 580 1567 627 se

369 685 478 732 omnes
501 665 724 732 cruentissimo
747 681 864 746 genere
884 659 888 746 Ι
907 660 1147 744 negotiatione,
1162 679 1220 727 nee
1242 661 1492 726 inimicissimam
1505 682 1567 743 paee

319 767 484 839 10‚faoiem
510 767 662 832 inducere
690 764 694 850 Ι
722 767 825 830 ruinis
857 765 986 830 domum
1020 765 1248 846 villarumque,
1281 763 1428 844 plaeere:
1459 764 1567 845 siquis

368 869 554 952 negotiandi
578 885 674 933 eausa
693 864 697 951 Ι
718 869 849 932 emisset
871 867 957 948 quod
978 864 1174 945 aedificium,
1197 871 1234 930 ut
1257 865 1416 930 diruendo
1439 866 1507 945 plus
1526 866 1568 928 ael·

368 973 510 1052 quireret
520 989 617 1052 quam
629 969 632 1055 Ι
644 971 758 1053 quanti
768 971 907 1049 emisset,
926 975 996 1034 tum
1011 969 1144 1050 duplam
1154 969 1335 1051 pecuniam,
1347 986 1412 1049 qua
1429 972 1567 1032 mercatus

366 1091 435 1137 eam
457 1091 526 1136 rem
545 1068 550 1156 Ι
569 1078 664 1152 esset,
683 1072 717 1135 in
735 1073 921 1152 aeralrium)
946 1069 1068 1152 inferri,
1087 1071 1225 1152 utiqlue)
1248 1070 1289 1134 de
1307 1089 1346 1134 eo
1365 1069 1567 1132 nihilominus

366 1173 409 1237 ad
440 1177 589 1238 senatum
622 1170 626 1257 Ι
654 1171 840 1264 referretur.
892 1171 1036 1254 Cumque
1068 1191 1172 1255 aeque
1211 1190 1275 1237 non
1308 1175 1473 1252 oporteret
1504 1170 1566 1233 male

316 1294 355 1347 15.
366 1275 527 1355 exsemplo
545 1275 685 1339 vendere
704 1273 940 1358 quamlemere,
959 1278 997 1340 ut
1007 1274 1192 1340 venditores
1210 1291 1340 1354 quoque
1359 1277 1566 1346 coercerentur,

363 1377 420 1458 qui
438 1377 576 1440 seientes
595 1376 667 1444 dolo
685 1376 771 1441 malo
783 1375 885 1459 lintre
898 1376 983 1442 hane
1001 1381 1133 1444 senatus
1143 1376 1348 1440 voluntatem
1362 1373 1565 1450 vendidissent,

364 1478 506 1558 plaeere:
531 1477 614 1542 tales
634 1476 638 1563 Ι
658 1477 857 1544 venditiones
875 1479 987 1544 irritas
1005 1477 1083 1544 fieri.
1115 1475 1267 1544 Ceterum
1290 1478 1409 1542 testari
1432 1479 1564 1548 senatun,

364 1574 515 1665 domini[s
536 1575 631 1666 ailad]
651 1577 656 1664 Ι
676 1580 842 1655 constitui,
872 1581 929 1662 qui
950 1599 1059 1645 rerum
1090 1599 1223 1664 suarum
1253 1597 1457 1660 possessores
1486 1575 1563 1641 futuri

363 1681 490 1762 aliquas
512 1675 643 1769 [portes]
664 1677 668 1764 Ι
688 1699 798 1747 earum
815 1683 1023 1762 mutaverint,
1047 1683 1124 1747 dum
1142 1701 1205 1747 non
1231 1681 1467 1764 negotiationis
1489 1695 1562 1742 eausa

311 1801 354 1856 20.
363 1782 396 1846 id
418 1779 539 1846 factum
562 1778 639 1868 ΙεΙΙΙ.
659 1780 663 1867 Ι
684 1781 853 1848 Censuere.
897 1784 935 1847 ln
965 1791 1081 1850 senatu
1110 1782 1242 1850 fuerunt
1273 1781 1527 1848 CCCLXXXlll.
1547 1777 1550 1860 Ι

448 1884 488 1948 ΙΙ.
512 1879 577 1970 [ΙΙΙ
599 1884 744 1966 Volusio,
766 1885 801 1950 P.
826 1877 977 1950 Cornelio
992 1904 1054 1951 eos.
1077 1885 1123 1950 VI
1145 1903 1218 1950 non.
1241 1885 1340 1950 Mart.
1368 1883 1425 1949 SO.
1447 1883 1451 1968 Ι

448 1986 541 2064 Quod
558 1985 595 2064 Q.
607 1985 769 2066 Volusius
788 1987 822 2051 P.
839 1985 1007 2052 Cornelius
1022 1987 1121 2052 verba
1143 1986 1291 2052 lecerunt
1310 1987 1353 2052 de
1371 1984 1562 2068 postulatione

362 2086 641 2176 necessariorum]
661 2086 666 2172 Ι
685 2089 876 2154 Alliatoriae
888 2087 1085 2171 Celsillae,q.
1107 2090 1136 2155 d.
1155 2108 1182 2154 e.
1199 2088 1255 2154 r.l.
1275 2108 1318 2170 p.,
1338 2090 1370 2154 d.
1388 2108 1416 2152 e.
1432 2108 1457 2152 r.
1475 2083 1551 2165 ΙΙΙ

448 2189 529 2254 Cum
551 2189 621 2271 SC,
644 2191 731 2273 quod
750 2189 871 2256 factum
895 2196 945 2256 est
966 2191 1101 2258 Hosidio
1121 2191 1206 2257 Geta
1228 2196 1262 2255 et
1279 2191 1321 2255 L.
1345 2189 1492 2272 Vagellio
1512 2203 1559 2250 eos.

311 2309 352 2362 ΙΙ.
364 2292 551 2358 clarissimis
572 2294 665 2373 viris,
687 2298 766 2358 ante
788 2288 884 2377 d[ieru
907 2293 950 2357 X.
973 2289 1018 2378 le]
1038 2289 1043 2376 Ι
1084 2291 1155 2358 Oct.
1183 2297 1315 2358 auctore
1344 2294 1420 2358 divo
1443 2289 1557 2356 Claudio

361 2397 494 2458 cautum
517 2395 611 2474 esset,
634 2397 689 2458 ne¹
711 2395 784 2476 quis
801 2395 930 2460 domurn
945 2395 1094 2460 villamve
1115 2395 1270 2475 dirueret,
1293 2393 1373 2478 qu[o
1392 2388 1479 2478 plus]
1497 2391 1501 2474 Ι
1518 2387 1556 2452 sili

361 2495 558 2576 adquireret,
567 2513 646 2560 neve
656 2496 728 2578 quis
738 2497 924 2577 negotiandi
933 2514 1031 2562 eausa
1040 2514 1151 2562 eorum
1162 2497 1239 2579 quid
1249 2501 1373 2562 emeret
1383 2495 1555 2581 venderetve,

247 2638 249 2642 -
363 2594 570 2678 lpoenaqtue)
584 2598 618 2661 in
629 2601 814 2677 emptorem,
830 2599 885 2679 qui
896 2597 1051 2664 adversus
1060 2598 1093 2663 id
1104 2597 1301 2679 SCdeoisset,
1312 2599 1489 2664 constituta
1497 2594 1555 2659 esset

361 2691 458 2781 [daea
469 2695 518 2780 ot]
529 2695 532 2780 Ι
544 2698 687 2779 quiquid
700 2699 831 2763 emisset
840 2700 973 2786 'duplum
983 2701 1052 2766 eius
1058 2701 1173 2782 quanti
1182 2702 1313 2766 emisset
1323 2702 1359 2766 in
1368 2698 1520 2766 aerarium
1527 2694 1555 2756 in·

362 2796 446 2862 ferre
457 2797 636 2881 eogeresstur
645 2804 679 2864 et
688 2800 757 2865 eius
771 2801 826 2883 qui
835 2802 1034 2868 vendidisset
1045 2801 1145 2868 inrita
1157 2799 1249 2867 fieret
1257 2803 1415 2882 venditio,
1431 2801 1469 2865 de
1478 2799 1555 2864 iisau·

311 2903 353 2960 30.
364 2903 439 2978 tam,
451 2900 507 2980 qui
519 2914 628 2964 rerum
640 2900 643 2984 Ι
656 2919 788 2967 suarum
800 2921 998 2983 possessores
1010 2903 1113 2970 futuri
1126 2905 1252 2987 aliquas
1269 2910 1385 2985 partes
1397 2913 1554 2969 earumnv·

361 3003 497 3082 lassent,
507 3002 761 3087 dummodomon
770 3006 999 3086 negotiationis
1007 3007 1391 3086 causamutassent,nihil
1400 3009 1554 3072 essetnova·

361 3095 1553 3189 tum3etneeesserilAlliatoriaeCelsillae,uxorisAtiliiLupereiornatissini

363 3205 431 3284 viri,
443 3203 676 3288 exposuisjsent
684 3207 759 3273 huie
768 3209 882 3290 ordini,
890 3215 1017 3291 patrem
1027 3210 1097 3274 eius
1109 3210 1315 3274 Alliatorium
1328 3209 1458 3276 Celsum
1468 3203 1553 3270 emisse

363 3304 477 3371 fundos
500 3325 571 3372 oum
590 3305 731 3374 aedificis
748 3309 782 3374 in
802 3308 807 3392 Ι
827 3311 957 3393 regione
975 3309 1167 3390 Muliniensi,
1190 3313 1246 3393 qui
1264 3315 1459 3378 vocarentur
1474 3297 1551 3380 campi

311 3413 352 3466 35.
364 3407 471 3488 Matri,
483 3408 517 3474 in
536 3409 652 3490 quibus
667 3411 744 3476 loeis
759 3419 921 3478 mercatus
932 3414 984 3496 api
996 3412 1348 3495 supelrioribussolitus
1364 3416 1550 3487 essettempe·

358 3509 481 3590 ribus,'
472 3529 535 3576 ram
550 3511 746 3594 pereliquod
761 3532 861 3579 annos
881 3514 1018 3580 desisset
1033 3514 1156 3595 haberi,
1172 3532 1275 3597 eaque
1294 3513 1299 3598 Ι
1319 3513 1466 3582 aedificio
1479 3511 1548 3584 longe

358 3617 489 3677 vetusta
469 3618 523 3677 ate
490 3612 765 3680 tdilaberentur
783 3613 915 3699 neq(ue)
937 3613 1060 3681 refecta
1076 3616 1148 3682 usui
1163 3624 1270 3682 essent
1291 3615 1415 3697 futura,
1435 3614 1548 3697 quiere·

359 3705 1546 3798 q(ue)lhabitoretm11squsquamnecvellemdesertaacruenoaconm

358 3831 468 3895 grare:
481 3833 521 3880 ne
540 3818 616 3898 quid
635 3815 640 3902 Ι
659 3817 765 3885 fraudi
782 3819 903 3885 multae
919 3807 1545 3904 poenaeq(ue)essetCelsillae,s1eaoed

360 3912 443 3996 licia,
468 3916 507 3982 de
530 3917 647 3999 quibus
669 3920 781 3986 inhoe
802 3922 914 3987 ordine
930 3926 1039 3988 ectum
1058 3919 1063 4007 Ι
1083 3927 1178 4003 esset,
1196 3929 1253 3988 aut
1262 3925 1417 3990 demolita
1428 3915 1543 3986 fuissent
1584 3919 1585 3922 ’

309 4019 351 4076 lo.
361 4021 418 4080 aut
432 4035 471 4081 ea
486 4017 667 4084 condicione
676 4022 742 4086 sive
760 4040 870 4103 perse
888 4024 954 4088 sive
973 4041 1044 4088 cerm
1062 4026 1149 4106 agris
1159 4024 1375 4108 vendijdisset,
1390 4030 1427 4090 ut
1438 4007 1542 4099 emptori

361 4116 429 4182 sine
443 4116 556 4184 fraude
574 4138 634 4185 sua
652 4140 689 4187 ea
704 4123 871 4190 destruere
889 4124 1067 4208 tollereque
1081 4126 1207 4207 liceret,
1228 4123 1235 4210 Ι
1253 4127 1286 4192 in
1301 4126 1446 4193 futurum
1461 4123 1541 4186 autelss

362 4217 580 4286 admonendos
596 4225 720 4289 eeteros
736 4241 816 4306 esse,
827 4232 865 4290 ut
876 4245 935 4308 aps
936 4227 1077 4294 tinerent
1096 4247 1131 4294 se
1142 4248 1162 4294 a
1172 4227 1341 4296 tamloedo
1352 4231 1539 4313 generenege·

429 4354 454 4419 1)
471 4354 512 4408 Ab
538 4355 591 4410 hoe
616 4355 696 4411 verbo
719 4373 800 4426 nsque
827 4359 861 4414 ed
882 4375 973 4417 voeem
990 4362 1123 4420 ‘venditio’
1150 4367 1183 4432 (v.
1201 4363 1245 4432 29)
1263 4364 1313 4420 SC.
1331 4339 1366 4420 ad
1391 4361 1487 4418 verbnm
1501 4349 1537 4404 ΙΙΙ

361 4433 474 4490 relatum
491 4440 533 4492 ert
550 4454 566 4493 a
583 4439 691 4496 Paulo
683 4457 711 4494 1n
728 4441 767 4496 D
784 4447 931 4510 18‚1,52.
