3328 5356
680 455 790 544 Nouius.
1292 458 1355 522 287

131 661 173 670 -
196 632 354 692 matrem
384 615 552 694 familias
574 626 658 707 (esse
680 628 928 710 nuncupatam),
961 647 1042 709 quae
1064 631 1098 694 in
1118 628 1241 695 familia
1261 649 1354 695 mau-

130 730 278 810 cipioque
301 730 344 793 sit
365 729 485 808 patria,
508 729 571 792 etsi
593 729 627 793 in
649 730 760 794 mariti
776 729 987 794 matrimonio
1008 736 1103 794 esset
1146 735 1223 796 299.

130 831 303 894 Mutuum
327 830 395 894 sine
418 830 535 908 usuris
559 829 674 895 fenus
697 849 769 895 cum
793 832 900 896 usuris
923 831 1073 895 sumitur.
1116 835 1193 895 298.

129 931 158 995 N
168 933 337 997 ubeutes
367 931 469 996 veteri
500 931 570 1012 lege
598 931 745 996 Romana
768 949 856 997 asses
878 931 928 996 III
950 933 992 998 ad
1014 933 1167 998 maritum
1188 937 1354 1000 venientes

130 1034 232 1098 solere
255 1033 446 1114 pervehere,
464 1037 562 1114 atque
584 1051 693 1112 unum,
718 1022 812 1114 quem
832 1035 867 1098 in
889 1039 1166 1112 manutenerent,
1188 1039 1352 1115 tamquam

131 1135 257 1201 emendi
279 1152 377 1200 eausa
398 1135 517 1200 marito
536 1135 628 1213 dare3
653 1135 763 1216 alium,
783 1153 876 1217 quem
895 1135 928 1200 in
946 1136 1030 1217 pede
1045 1135 1214 1216 haberent,
1234 1136 1266 1200 in
1284 1134 1355 1202 foco

130 1237 251 1301 Larum
276 1235 484 1302 familiarium
508 1255 642 1316 ponere,
664 1239 807 1316 tertium,
832 1256 926 1318 quem
948 1238 982 1302 iu
1005 1237 1222 1318 succiperione
1246 1237 1355 1302 condi·

131 1339 265 1418 dissent,
289 1338 416 1418 conpito
437 1338 569 1403 uicinali
587 1338 690 1404 solere
708 1358 860 1406 resonare
878 1339 1101 1422 (reservore?),·
1117 1375 1161 1386 -
1177 1357 1257 1420 quos
1271 1337 1355 1402 ritus

132 1440 309 1506 Varroade
331 1441 401 1504 vita
422 1459 451 1521 p.
475 1440 759 1522 asperomonte
804 1443 880 1506 363.

133 1541 230 1606 Oves
253 1542 379 1622 generis
400 1539 555 1622 feminini,
573 1547 611 1606 ut
628 1542 834 1624 plerumque3
857 1543 1027 1608 masculini
1046 1543 1152 1608 Varro
1170 1562 1231 1608 rer.
1250 1543 1355 1608 hum.l

132 1664 187 1706 -:
217 1643 390 1722 ‘Terentia
424 1645 552 1726 quando
575 1644 697 1708 citatus
719 1663 824 1726 neque
846 1646 1012 1725 respondit
1039 1664 1145 1728 neque
1177 1645 1355 1711 excitatum

130 1751 188 1825 est,
211 1743 300 1808 eum3
322 1764 382 1826 ego
404 1764 502 1810 unum
525 1763 617 1810 ovem
639 1747 775 1812 multam
798 1745 888 1811 dioo’.
932 1752 1001 1812 147.

128 1846 380 1926 Plebitatem,
403 1847 650 1928 ignobilitatem.
704 1846 788 1912 Ceto
815 1865 873 1928 pro
902 1848 1052 1912 Veturio:
1085 1851 1229 1928 ‘propter
1250 1849 1355 1914 tenui·

128 1953 230 2012 tatem
254 1953 287 2014 et
309 1947 520 2030 plebitatem'.
565 1949 703 2014 Hemina
725 1949 758 2012 in
781 1949 967 2014 annalibus:
989 1947 1199 2030 ‘Quicumque
1222 1954 1355 2028 propter

128 2051 318 2132 plebitatem
340 2053 419 2131 agro
441 2051 570 2130 publico
593 2051 687 2114 eiecti
712 2050 823 2115 sunt’.4
866 2049 936 2112 101.

131 2152 352 2217 Proletarii
376 2153 454 2216 dicti
477 2158 553 2216 suut
570 2153 687 2234 plebei,
707 2154 763 2235 qui
781 2153 861 2217 nihil
879 2153 1075 2233 reipublicae
1093 2151 1278 2230 exhibeant,
1297 2151 1354 2216 sed

128 2261 258 2319 tantum
289 2253 354 2336 (ad)
386 2254 509 2336 prolem
546 2252 715 2319 sufficiant.
748 2289 791 2300 -—
821 2255 926 2319 Varro
956 2255 996 2318 de
1011 2241 1097 2318 'uita
1122 2272 1152 2334 p.
1182 2253 1216 2316 R.
1242 2252 1296 2318 lib.
1322 2251 1353 2316 I:

130 2355 259 2436 ‘quibus
282 2360 377 2420 erant
399 2357 557 2436 pecuniae
579 2358 669 2436 satis,
691 2357 871 2438 locupletis,
894 2357 1057 2436 assiduos,
1080 2355 1258 2422 contrarios
1280 2371 1355 2434 pro·

128 2458 272 2521 letarios.
304 2457 443 2522 Assiduo
463 2458 623 2522 neminem
641 2459 799 2523 vindicem
817 2458 991 2523 voluerunt
1005 2457 1163 2536 locupleti.
1176 2456 1256 2533 (uisi
1273 2454 1354 2518 ioca-

126 2557 300 2640 ptolomei.
337 2562 388 2622 48.
411 2559 581 2624 Proletarii
604 2551 700 2624 cives
713 2560 914 2638 dicebantur,
925 2560 980 2641 qui
999 2559 1032 2623 in
1050 2558 1146 2640 plebe
1162 2557 1353 2622 tenuissima

130 2668 224 2724 eraut
247 2664 281 2723 et
303 2677 366 2724 nou
389 2660 537 2740 amplius,
551 2681 646 2744 quam
667 2661 732 2726 MD
757 2662 841 2727 aeris
864 2662 897 2726 in
914 2679 1044 2726 censum
1059 2657 1257 2724 deferebant.
1280 2661 1352 2721 106.

127 2763 401 2842 Recepticium
425 2781 583 2830 servum
606 2765 738 2846 quidam
757 2801 797 2810 —
815 2765 940 2830 dictum
957 2765 1079 2844 volunt,
1097 2797 1141 2808 --
1159 2763 1214 2842 qui
1232 2778 1355 2825 venun·

77 2871 79 2874 ’
128 2864 227 2929 datus
251 2863 291 2929 ob
314 2865 509 2946 aliquod-
530 2865 735 2932 malefactum
759 2886 778 2932 a
801 2867 994 2933 distractore
1016 2902 1059 2912 —·
1080 2864 1273 2945 recipiatur3
1297 2863 1359 2940 sed¹

128 2983 207 3029 vera
230 2963 311 3032 baec
335 2973 385 3031 est
408 2968 478 3031 eius
500 2969 638 3033 nominis
661 2969 898 3050 interpretatio,
922 2987 1019 3050 quem
1041 2968 1074 3031 in
1098 2967 1175 3030 data
1197 2965 1272 3029 dote
1295 2968 1356 3027 aut

128 3068 304 3134 donatione
332 3069 405 3150 quis
432 3070 608 3150 exceperit,
636 3073 722 3152 quod
750 3076 799 3135 est
825 3071 954 3150 proprie
982 3065 1170 3149 receperit.
1193 3101 1237 3114 -
1257 3063 1354 3128 Cato:

130 3170 257 3234 ‘mulier
285 3175 325 3254 et
345 3188 495 3252 magnam
518 3171 626 3235 dotem
650 3172 708 3235 dat
727 3176 759 3236 et
774 3189 925 3252 magnam
942 3169 1113 3252 pecuniam
1132 3163 1291 3242 retinet;'⁵
1312 3199 1356 3213 -··

127 3271 298 3352 pecuniam
321 3272 390 3336 viro
410 3272 560 3336 'mutuam
584 3273 658 3351 dat3
686 3291 756 3336 eam
778 3307 822 3318 -
848 3276 996 3352 repetere
1030 3269 1188 3346 instituit3
1220 3267 1355 3348 adponit

131 3374 161 3438 ei
184 3371 403 3454 flagitatorem
427 3372 670 3454 recepticium,
693 3375 753 3439 hoc
780 3379 830 3438 est
853 3374 1032 3454 proprium,
1059 3388 1166 3450 suum,
1194 3387 1290 3450 quem
1311 3402 1355 3414 --

132 3482 303 3557 receperat
325 3494 383 3540 nec
406 3477 541 3542 dederat
564 3476 631 3540 doti
654 3477 710 3541 sed
733 3481 913 3556 exceperat.
957 3477 1009 3540 38.

129 3578 340 3657 Risinium,
371 3579 457 3659 quod
487 3595 571 3643 nune
597 3575 784 3643 malurtium
816 3578 949 3652 dicitur,
981 3573 1155 3656 palleolum
1183 3570 1354 3636 femineum

129 3681 238 3744 breve.
267 3679 373 3744 Varro
391 3713 433 3724 -—
451 3681 491 3744 de
506 3681 575 3744 vita
590 3699 621 3760 p.
632 3681 734 3745 R.-:
755 3679 807 3743 ‘Et
824 3678 910 3761 (eof)
929 3697 992 3760 quo
1010 3675 1164 3742 mulieres
1178 3675 1271 3738 in—
1288 3672 1354 3738 luc·

129 3781 228 3859 tibus
252 3798 323 3846 curn
342 3799 466 3846 omnem
482 3783 637 3846 vestitum
653 3781 873 3846 delicatiorem
891 3800 929 3848 ac
945 3779 1146 3846 luxuriosum
1164 3779 1355 3855 -ponunt,

130 3883 247 3948 ricinia
272 3880 422 3946 sumuut'.
466 3887 536 3946 371.

128 4017 334 4033 meu-*-

200 4087 227 4148 1)
246 4084 314 4138 Geli.
333 4088 417 4150 11,1,
435 4087 467 4136 4.·
488 4083 608 4150 ‘Quando
626 4113 659 4124 -
676 4101 693 4138 a
710 4084 915 4152 magistratibus
934 4113 966 4122 -—
984 4083 1071 4136 multa
1093 4079 1200 4142 dicitur,
1217 4107 1251 4116 —
1268 4077 1356 4132 obser·

129 4171 186 4224 vari
209 4170 292 4231 solet,
314 4172 346 4222 ut
365 4168 443 4221 ‘oves'
460 4180 557 4234 genere
581 4168 655 4221 virili
677 4169 857 4238 appellentnr3
879 4172 960 4236 atque
978 4169 1019 4222 ita
1036 4166 1072 4221 M.
1092 4165 1175 4218 Varro
1193 4162 1273 4218 verba
1290 4162 1355 4216 haec

128 4255 264 4322 legitima,
282 4251 378 4322 quibus
397 4252 508 4306 minima
524 4252 612 4305 multa
628 4253 768 4319 diceretur,
785 4253 921 4320 coneepit:
939 4253 976 4305 M.
991 4249 1115 4306 Terentio
1132 4255 1189 4312 eto,
1206 4265 1237 4302 ac
1254 4249 1307 4304 uisi
1324 4263 1356 4301 eo

128 4354 227 4406 genere
246 4337 387 4402 diceretur,
405 4341 573 4405 negauerunt
589 4337 689 4392 iustam
708 4337 790 4390 videri
808 4337 938 4390 multam'.
956 4366 991 4376 -
1007 4337 1035 4404 2)
1046 4333 1129 4389 dele.-
1146 4336 1355 4390 ‘excusatus’.-.·-

127 4427 154 4493 3)
174 4423 264 4480 Geli:
288 4422 337 4476 ‘ei'.
362 4453 396 4462 -
413 4423 439 4486 4)
458 4421 516 4478 sai.
536 4423 595 4476 friat.
614 4428 639 4487 1,
657 4427 707 4476 11:
725 4422 833 4476 ‘exactis
851 4421 959 4488 regibus
977 4451 1011 4462 -
1029 4418 1120 4474 servili
1138 4420 1247 4490 imperio
1265 4424 1355 4488 patrea

127 4510 237 4577 plebem
256 4521 375 4560 exercere
393 4537 425 4546 —-
445 4509 517 4577 agris
535 4507 649 4575 pellere'.
667 4537 701 4546 -
718 4507 745 4573 5)
764 4507 830 4560 Geli.
849 4511 891 4569 17,
909 4511 934 4569 6,
951 4493 998 4560 8!
1012 4504 1127 4573 recipit,
1152 4505 1179 4559 h.
1198 4523 1220 4562 e.
1238 4505 1355 4562 retinct'.
