3346 5344
558 457 613 514 Lex
629 457 701 516 Iulia
718 456 751 512 de
769 457 915 514 adulteriis.

371 660 400 758 [a.
443 662 520 729 Lex
541 662 643 730 Iulia
664 664 709 730 de
731 663 953 744 adulteriis,
975 681 1003 730 a.
1025 661 1099 730 736.

209 799 234 864 Ι.
276 797 368 880 (Uip.
390 798 410 862 h.
429 797 455 864 I
465 797 503 864 de
520 799 655 866 adaht.²:
677 799 777 867 ‘Haec
798 800 898 866 verba
919 797 1037 882 legist)

210 947 234 964 ..
245 951 252 966 .
262 919 305 966 ne
324 900 396 984 quis
410 900 709 991 posthaastuprum
721 901 917 980 adulterium
938 899 1036 966 facito
1053 901 1157 967 sciens
1172 901 1244 967 dolo
1254 903 1339 968 malo

210 1001 252 1068 ΙΙ.
274 998 392 1086 (Quod
418 1003 464 1068 ait
487 994 594 1086 lex’:)’
619 1001 729 1086 (Pater
744 1001 847 1086 'sitin
868 999 934 1068 filia
963 1000 1048 1085 (scra,
1075 1021 1171 1088 qaam
1190 1001 1226 1067 r‘rr
1240 1008 1347 1088 potes·
1377 1007 1378 1013 ’

125 1110 220 1174 tatem
241 1103 342 1186 hahet,
373 1109 431 1170 aut
450 1105 486 1170 c'rr
507 1124 557 1184 ea,
585 1103 664 1188 qaae
685 1098 905 1187 (coiunctore,
933 1122 1003 1168 eura
1028 1103 1066 1168 c'rr
1083 1107 1238 1186 potestate
1259 1109 1345 1182 esset,

5 1205 6 1212 ’
124 1209 194 1274 uiro
225 1209 263 1273 r'rc
292 1205 645 1290 murmuraverant)
674 1206 860 1272 adulterum
891 1203 990 1287 (domi
1016 1224 1092 1272 suae
1116 1205 1259 1289 pennice
1283 1205 1347 1288 sar)

124 1309 384 1392 deprehenderit,
408 1307 510 1392 (isque
531 1309 568 1374 r'rr
588 1329 656 1374 eam
677 1329 743 1374 rem
763 1327 904 1374 socerum
929 1303 1123 1386 adhibuerit,
1149 1310 1187 1370 ret
1207 1307 1236 1372 ts
1253 1309 1348 1390 pater

119 1433 195 1478 eam
211 1411 389 1476 aduiteram
403 1411 473 1476 sr‘rre
479 1407 595 1490 fraude
608 1411 737 1490 occidat,
756 1411 805 1474 hta
813 1409 863 1492 at)
872 1409 906 1474 in
916 1408 1094 1475 continenti
1103 1405 1203 1474 filiam
1212 1408 1347 1474 occidat.

211 1511 247 1580 V.
270 1511 362 1594 (Uip.
384 1511 404 1576 h.
426 1511 474 1578 II
485 1512 528 1577 ad
540 1513 564 1577 h.
583 1511 647 1578 Iul.
671 1511 709 1579 de
724 1512 853 1578 aoeies
870 1507 1000 1594 ‘capite
1018 1509 1129 1592 quinto
1147 1509 1229 1592 legis
1246 1509 1347 1574 Iuliae

5 1603 6 1642 ³
121 1618 173 1680 ita
196 1617 329 1680 aretur
351 1607 430 1696 ut':)=

207 1769 214 1782 .
243 1767 250 1782 .
279 1715 362 1802 (otro
392 1709 578 1802 adulterum
598 1718 635 1784 ha
663 1737 759 1783 ancre
789 1736 848 1784 scra
878 1695 1121 1800 deprehensam,
1163 1733 1252 1798 quem
1291 1718 1348 1776 art

123 1818 203 1884 nohht
228 1823 285 1884 aut
309 1838 373 1882 horr
397 1817 489 1883 liceat
514 1817 659 1898 acridae,
686 1819 820 1884 retinere
842 1815 941 1904 'horas
968 1815 1101 1882 diurnas
1116 1821 1347 1900 nocturnasque

125 1921 293 1986 cerethaeos
308 1940 374 1984 aaa
386 1920 464 2004 phrs
480 1941 575 2007 qaam
593 1921 677 2002 ΧΧ)
694 1919 867 1986 testandae
886 1919 955 1985 eius
972 1917 1020 1983 rei
1029 1907 1349 2002 gratia(sr'rrefrarrde

123 2043 184 2090 saa
200 2024 271 2088 ihre
292 2022 382 2088 h‘ceto
404 2071 411 2087 .
435 2021 456 2104 .)

209 2123 281 2190 VII.
303 2123 394 2206 (Uip.
410 2123 431 2189 h.
449 2122 497 2188 II
507 2123 545 2190 de
559 2123 690 2189 adaht.⁴:
703 2119 815 2206 ‘Legis
831 2121 892 2187 Iul.
912 2121 953 2187 de
970 2119 1071 2186 adult.
1089 2119 1196 2202 capite
1211 2120 1350 2200 septimo

123 2230 179 2300 ita¹
194 2223 365 2308 cavetur’:)

5 2380 8 2388 „
213 2345 294 2394 ..ne
316 2327 389 2410 quis
411 2326 496 2393 inter
517 2345 590 2392 reas
611 2324 734 2393 referat
756 2344 840 2408 eum,
863 2325 919 2408 qui
941 2330 1011 2392 tum
1027 2325 1096 2392 sine
1114 2321 1350 2392 detrectatione

5 2449 7 2490 i
125 2429 348 2512 reipublicae
372 2447 471 2495 causa
494 2429 601 2495 aberit
624 2479 631 2493 .
655 2478 663 2494 .
696 2477 697 2482 η
909 2489 911 2495 ,

213 2530 293 2614 Cap.
314 2533 373 2597 inc.
397 2529 488 2616 (Uip.
505 2529 526 2597 h.
544 2529 602 2596 IV
614 2529 652 2596 de
669 2529 800 2596 adciti:
821 2564 861 2575 -
881 2525 947 2594 ‘lex
968 2529 1016 2595 ita
1037 2529 1147 2595 locuta
1170 2520 1257 2606 est'z)

276 2634 342 2716 (pah
359 2653 487 2700 acrorem
503 2635 539 2698 ha
556 2629 710 2698 adulterio
727 2631 948 2717 deprehensam
963 2631 1150 2714 retinuerit),
1166 2627 1350 2704 adulterum

5 2761 7 2786 ³
127 2737 161 2800 in
183 2735 277 2802 domo
299 2733 535 2818 deprehensum
558 2735 728 2817 dimiserit,
751 2781 788 2798 .·

273 2921 302 2984 6.
344 2923 421 2988 Lex
443 2920 623 3000 Quinctia
646 2888 690 2989 de
712 2921 1053 3006 aquaeductibus,
1077 2941 1106 2987 a.
1131 2917 1201 2984 715.

215 3057 250 3122 T.
272 3027 279 3036 ⁸
294 3057 463 3135 Quinctius
480 3057 648 3140 Crispinus
669 3059 782 3142 consul
802 3059 850 3138 (de
867 3062 994 3124 seratas
1010 3056 1176 3138 sententia)
1197 3053 1352 3136 populum

5 3171 7 3214 ÷
130 3157 201 3223 iure
222 3157 352 3238 rogavit
373 3158 578 3250 populusque
600 3159 672 3224 iure
694 3159 789 3224 scivit
810 3159 844 3224 in
865 3157 935 3224 faro
957 3175 1015 3240 pro
1037 3157 1152 3224 rostris
1173 3155 1263 3222 aedis
1286 3153 1352 3218 divi

5 3271 7 3318 ἑ
129 3259 205 3328 Iulii
227 3257 355 3341 pr(idie)
381 3260 410 3324 h.
432 3260 543 3326 Iulias.
585 3261 704 3328 Tribus
726 3258 841 3341 Sergia
862 3259 1056 3342 principium
1077 3255 1154 3338 fuit,
1182 3275 1241 3340 pro
1262 3253 1352 3320 tribu

5 3379 6 3414 1
130 3360 294 3445 Sex(tus),⁷
315 3359 430 3444 idacii)
450 3359 573 3442 tilius),
591 3357 707 3439 Varro,
728 3359 866 3442 (priores
882 3359 994 3441 schoht.)

5 3477 6 3488 ¹
214 3462 405 3550 Quicunque
434 3467 508 3544 post
537 3461 621 3528 hana
650 3461 755 3544 legem
784 3465 935 3543 rogatam
960 3461 1047 3526 rivos
1074 3477 1189 3540 specus
1215 3455 1352 3523 fornices

198 3665 225 3733 1)
242 3665 280 3720 D.
298 3668 342 3730 48,
360 3668 386 3729 5,
404 3667 448 3719 12.
467 3663 510 3718 df.
521 3663 603 3722 Perrh.
621 3665 650 3718 in
661 3661 728 3718 Goth.
745 3665 771 3730 4,
788 3666 820 3718 2ι
839 3659 962 3732 ‘primum
980 3661 1061 3729 caput
1078 3659 1148 3730 legis
1166 3655 1352 3712 luideaduli.

128 3750 261 3820 prioribus
277 3749 382 3820 legibus
399 3748 527 3818 pluribus
538 3749 664 3819 abnegem
683 3745 796 3802 secundo
813 3764 874 3802 vero
898 3747 986 3817 esurite
1003 3745 1139 3814 permittit
1156 3739 1235 3812 patri’
1254 3745 1300 3796 etc.
1318 3768 1353 3780 -

130 3837 156 3903 2)
174 3835 211 3890 D.
229 3839 274 3903 48,
296 3837 321 3898 5,
344 3837 389 3902 23,
409 3851 455 3906 pr.
473 3838 498 3889 4.
532 3833 622 3895 Verba
638 3831 743 3887 incl'usa
761 3832 869 3888 Parcius
885 3833 904 3886 1.
921 3832 940 3884 i.
958 3829 1048 3885 refert.
1077 3827 1118 3882 Oi.
1138 3825 1204 3882 Goth.
1222 3829 1247 3892 4,
1265 3829 1309 3893 42,
1327 3829 1344 3880 1

131 3919 211 3976 Paret.
221 3925 286 3974 rent.
296 3923 323 3984 2,
332 3923 411 3988 26,1.
422 3919 492 3990 -8)
501 3917 539 3975 D.
548 3923 592 3986 48,
609 3922 633 3982 5,
652 3921 697 3985 25,
710 3934 756 3986 pr.
774 3921 799 3972 5.
833 3916 924 3970 Verba
937 3911 1015 3969 ¹uncis
1033 3914 1135 3968 inclusa
1151 3913 1185 3966 ab
1202 3913 1264 3980 Uip.
1282 3909 1352 3965 indi-

130 4007 202 4058 recta
219 4020 339 4058 sermone
355 4003 442 4057 relata
460 4006 598 4068 nuntium
617 4006 707 4056 autem
724 4001 814 4057 addit:
833 3997 918 4068 ‘Quod
936 3999 1063 4054 adicitur:
1081 3993 1248 4053 ‘assandae’'
1260 4001 1306 4051 erc.
1318 4024 1353 4034 -

128 4089 157 4158 4)
174 4088 212 4142 D,
230 4091 275 4156 48,
297 4091 322 4152 5,
345 4090 388 4151 15,
409 4091 434 4141 1.
457 4091 485 4142 2.
507 4117 541 4126 —-
558 4088 587 4156 5)
604 4087 642 4142 D.
660 4091 705 4150 48,
723 4090 750 4155 5,
766 4089 811 4152 29,
829 4101 875 4156 pr.
894 4085 926 4140 cf.
945 4085 1026 4140 Paul.
1045 4090 1110 4140 seat.
1128 4088 1156 4154 2,
1173 4087 1218 4147 26,
1236 4086 1261 4136 8.
1286 4079 1352 4135 Ochi.

129 4177 155 4240 4,
177 4177 223 4238 12,
244 4177 270 4228 7.
292 4203 326 4212 -
350 4175 376 4240 6)
395 4173 467 4227 Haec
485 4173 527 4228 lex
549 4171 711 4227 arantino
732 4173 761 4224 in
782 4171 883 4224 librum
901 4169 933 4225 da
955 4169 1032 4240 aquis
1053 4165 1352 4225 aestimassent

130 4259 237 4326 integra
254 4261 361 4327 recepta
378 4262 428 4314 art.
455 4257 580 4312 Omnium
597 4257 703 4311 ommno
719 4257 812 4324 populi
828 4255 941 4331 Romani
958 4256 1050 4324 legum
1066 4255 1144 4308 unica
1161 4254 1211 4318 est,
1228 4266 1295 4320 quae
1313 4250 1353 4304 in-

130 4345 209 4412 tegra
226 4359 286 4398 cum
303 4343 382 4411 plena
398 4343 605 4412 praescriptione
622 4341 699 4396 nobis
716 4341 753 4395 sit
770 4340 879 4396 tradita.
912 4340 1026 4396 Teutam
1039 4341 1189 4408 corruptum
1202 4335 1359 4414 emendavit

130 4429 159 4482 et
176 4428 311 4496 supplevit
333 4427 480 4487 Buecheler
505 4427 534 4480 in
560 4426 600 4482 ed.
627 4426 719 4482 Frant.
743 4427 818 4484 1858.
845 4455 878 4466 -·-
905 4427 930 4513 J)
952 4424 1056 4480 Nomen
1078 4422 1246 4494 gentilicium
1264 4420 1353 4478 deesse

130 4517 221 4568 monet
237 4513 305 4568 Bae.
1453 4525 1455 4528 ·
