3328 5356
684 425 790 480 uentus.
1284 424 1347 489 237

130 601 185 680 qui
208 603 283 662 sunt
307 597 436 680 patricii
461 597 602 678 genoris3
637 597 826 677 conscripti,
855 595 966 676 quiin
989 602 1106 661 senatu
1128 601 1204 662 sunt
1227 597 1358 676 seriptis

130 700 287 766 annotati.
331 703 417 762 147.

130 801 311 866 Ambitus
343 801 472 880 proprie
504 799 624 864 dicitur
654 800 808 864 circuitus
836 793 1055 863 aedificiorum
1081 802 1198 877 patens
1224 799 1258 864 in
1284 799 1358 862 lati-

129 904 274 968 tudinem
292 903 393 983 pedes
412 902 493 966 duos
512 907 545 965 et
564 902 740 979 semissem,
763 901 796 964 in
814 899 1050 981 longitudinem
1069 899 1154 964 idem
1171 900 1256 980 quod
1271 900 1359 963 aedi-

129 1003 245 1069 ficium.
292 1003 327 1068 P.
350 1007 401 1068 5.·

130 1107 309 1172 Ambitus
338 1106 466 1186 proprie
490 1105 610 1170 dicitur
632 1105 717 1168 iuter
739 1104 917 1168 vicinorum
936 1100 1084 1168 aedificia
1110 1103 1200 1168 locus
1223 1101 1359 1166 duorum

132 1208 250 1288 pedum
274 1212 308 1271 et
332 1207 503 1288 semipedis
524 1207 566 1272 ad
588 1205 806 1270 circumeundi
829 1203 1021 1270 facultatem
1042 1204 1185 1269 relictus.
1225 1203 1274 1267 Ex
1297 1221 1360 1283 quo

132 1309 231 1373 etiam
255 1307 384 1372 honoris
402 1307 548 1372 ambitus
571 1308 634 1372 dici
658 1311 792 1388 coeptus
814 1312 864 1370 est
887 1326 906 1370 a
930 1305 1157 1370 circumeundo
1176 1304 1360 1386 supplican-

132 1409 248 1490 doque.
283 1409 418 1472 P.16.·

132 1513 357 1592 Amsegetes
380 1510 543 1589 dicuntur,
566 1527 702 1591 quorum
725 1527 803 1590 ager
824 1510 908 1574 viam
932 1510 1049 1590 tangit.
1093 1507 1129 1574 P.
1153 1507 1218 1573 21.1

133 1610 305 1675 Annaria
320 1611 425 1674 lex-
436 1629 483 1690 ea,
501 1631 565 1693 qua
579 1610 738 1676 finiuntur
755 1611 830 1678 anni
849 1611 1062 1692 magistratus
1078 1611 1234 1692 capiendi.
1258 1610 1294 1674 P.
1308 1611 1359 1674 27.

118 1713 241 1792 *Aqua
270 1716 308 1776 et
338 1713 423 1793 igni
453 1717 520 1778 tam
544 1713 694 1777 interdici
717 1713 799 1777 solet
822 1713 1000 1790 damnatis,
1033 1731 1130 1793 quam
1158 1713 1362 1793 accipiuntur

132 1815 373 1895 nuptaeaquia.
385 1814 787 1880 haeduaeresbumanam
800 1815 900 1878 vitam
910 1815 1047 1878 maxime
1059 1814 1250 1880 continent.²
1273 1813 1309 1878 P.
1327 1819 1360 1878 2.

131 1914 298 1980 Arbiter
326 1915 446 1981 dicitur
467 1916 572 1996 iudex,
596 1917 682 1996 quod
698 1915 800 1980 totius
818 1916 865 1980 rei
884 1915 1005 1980 habeat
1023 1916 1195 1980 arbitrium
1211 1921 1245 1980 et
1262 1914 1361 1982 iacul-

131 2023 244 2082 tatem.
289 2017 508 2083 Arbitrium
537 2019 656 2082 dicitur
679 2017 853 2096 sententia,
877 2035 960 2098 quae
982 2016 1023 2081 ab
1046 2017 1170 2082 arbitro
1194 2019 1360 2082 statuitur.

130 2119 421 2200 Arbitrarium,
445 2137 517 2184 cum
540 2120 645 2185 adbuc
668 2138 721 2184 res
744 2120 830 2199 apud
855 2117 1015 2184 arbitrum
1039 2119 1172 2200 geritur.
1217 2117 1253 2181 P.
1276 2122 1325 2182 15.

129 2220 280 2311 Aurmita
299 2220 469 2285 dicebatur
485 2221 575 2302 virgo
592 2218 787 2299 sacrificans,
810 2221 860 2285 cui
878 2220 997 2296 lacinia
1019 2215 1115 2301 togae
1133 2219 1171 2284 'in
1194 2219 1360 2284 humerum
1380 2235 1383 2242 “

131 2330 202 2386 erat
224 2323 354 2387 reiecta.
398 2322 542 2404 Legibus
564 2324 663 2386 etiam
685 2321 887 2394 Laurentum
912 2327 1058 2387 sanctum
1082 2326 1145 2401 est,
1169 2340 1209 2386 ne
1232 2339 1361 2402 pomum

129 2409 296 2488 eralieno
319 2423 449 2502 legatur
471 2424 505 2486 in
527 2442 668 2503 armum,
697 2424 716 2486 i.
740 2443 768 2488 a.
791 2425 878 2504 quod
903 2425 1029 2488 humeri
1052 2442 1132 2488 onus
1156 2424 1226 2487 sit.8
1270 2422 1306 2485 P.
1331 2425 1361 2486 4.

129 2525 327 2590 Assiduus
345 2524 473 2603 dicitur,
498 2526 711 2606 qui-quasi
730 2527 912 2590 consedisse
931 2526 1097 2603 videatur3
1121 2525 1177 2590 alii
1197 2525 1361 2590 assiduum

129 2625 333 2706 locupletem,
354 2626 448 2706 quasi
466 2626 642 2691 multorum
663 2628 795 2706 assium,
808 2628 931 2692 dictum
950 2633 1119 2708 putantne
1135 2628 1190 2692 alii
1206 2645 1288 2706 eum,
1305 2627 1361 2706 qui

129 2731 262 2807 sumptu
278 2728 408 2808 proprio
424 2728 597 2806 militabat,
613 2729 654 2793 ab
671 2748 744 2794 asse
759 2731 864 2795 dando
877 2736 1027 2795 vocatum
1040 2731 1274 2794 existimarunt.
1285 2728 1358 2792 Ro.

129 2831 202 2893 Ast
225 2827 386 2909 significat
407 2836 451 2909 at,
476 2831 542 2909 sed,
566 2834 701 2895 autem.⁴
745 2831 780 2896 P.
803 2837 833 2896 6.

128 2929 409 3010 Aurichaleurn
429 2932 478 2996 vel
497 2932 692 2997 orichalcum
711 2934 844 3015 quidam
863 2939 982 3014 putant
1000 2933 1212 3014 compositum
1231 2951 1270 2997 ex
1284 2951 1358 2996 aere

130 3038 164 3096 et
187 3050 276 3110 auro,
301 3032 368 3097 siue
392 3034 477 3113 quod
500 3034 636 3099 colorem
659 3034 781 3100 habeat
803 3053 952 3112 aureum3
975 3035 1167 3100 orichalcum
1186 3051 1263 3098 sane
1281 3034 1359 3098 dici·
1415 3029 1418 3036 ’

127 3137 193 3210 tur,
218 3134 294 3214 quia
317 3135 349 3197 in
373 3135 551 3199 montuosis
575 3134 652 3199 locis
675 3135 854 3213 invenitur3
877 3154 968 3200 mous
991 3136 1109 3199 etenim
1129 3135 1255 3199 Graece
1278 3127 1358 3216 ὄρος

131 3235 343 3316 appellatur.⁵
386 3236 422 3300 P.
449 3241 479 3300 9.

130 3337 290 3402 Bustum
314 3338 444 3418 proprie
462 3338 582 3402 dicitur
604 3339 706 3418 locus,
730 3339 761 3402 in
786 3356 849 3419 quo
871 3345 1020 3402 mortuus
1043 3343 1093 3401 est
1115 3337 1301 3401 combustus
1325 3344 1357 3402 et

130 3438 285 3519 sepultus.
305 3440 488 3520 diciturque
506 3442 640 3506 bustum
659 3440 753 3522 quasi
771 3441 854 3505 bene
871 3445 994 3516 ustum;
1010 3438 1070 3502 ubi
1084 3454 1159 3501 vero
1170 3438 1356 3503 combustus

129 3542 202 3622 quis
217 3541 451 3620 tantummodo,
471 3542 549 3607 alibi
568 3561 644 3607 vero
663 3546 713 3606 est
730 3542 887 3622 sepultus,
910 3542 938 3605 is
949 3541 1037 3606 locus
1050 3539 1090 3602 ab
1101 3539 1222 3603 urendo
1231 3539 1356 3603 ustrina

129 3647 282 3720 uocatur3
306 3642 363 3706 sed
385 3642 478 3707 modo
500 3643 598 3708 busta
620 3643 767 3723 sepulcra
790 3644 999 3724 appellamus.
1041 3641 1075 3704 P.
1099 3642 1154 3704 32.

129 3742 418 3808 caduceatores
441 3744 541 3826 legati
560 3763 672 3825 pacem
691 3749 849 3825 petentes.
879 3744 961 3810 Cato
980 3741 1216 3822 ‘caduceatori',
1239 3743 1354 3822 inquit,

128 3847 232 3910 ‘nemo
255 3843 349 3910 homo
372 3844 486 3910 nocet'
531 3846 568 3910 P.
591 3851 641 3910 47.

131 3991 266 3998 *oo-—
288 3991 306 3996 ..-

196 4064 222 4123 1)
241 4061 332 4130 Bergk
350 4063 593 4130 (ZGR.14,143):
611 4068 662 4117 ‘am
681 4066 803 4132 segetes}
821 4065 883 4133 quio
898 4067 1008 4118 ‘veteres
1018 4065 1068 4117 ‘au'
1077 4079 1124 4132 pro
1133 4063 1249 4116 ‘circum'
1259 4075 1353 4130 ponere

126 4147 308 4209 consuerunt*
326 4149 397 4200 teste
416 4147 504 4203 Macr.
523 4155 573 4202 sat.
592 4154 616 4213 1,
634 4153 676 4202 14.
695 4179 728 4186 -
745 4150 771 4213 2)
789 4149 829 4204 Cf.
847 4149 883 4202 1).
902 4153 946 4214 24,
965 4155 989 4216 1,
1007 4153 1049 4214 66,
1068 4153 1091 4202 1.
1102 4177 1136 4185 —
1150 4149 1178 4215 3)
1189 4147 1354 4208 CAGrc'mot,

123 4232 252 4286 masclae
274 4231 310 4285 R.
334 4231 447 4286 abaco.
470 4237 529 4286 554.
552 4263 586 4271 -
607 4233 634 4298 4)
658 4233 765 4286 Charra.
786 4251 899 4302 praetor.
921 4238 985 4300 229,
1007 4238 1058 4288 30:
1079 4233 1140 4285 ‘Ast
1162 4233 1231 4300 apud
1249 4236 1354 4286 veteres

121 4318 228 4370 variam
248 4315 302 4367 vim
321 4316 434 4369 contulit
453 4317 559 4370 vocibus
577 4333 623 4384 pro
641 4321 729 4384 atque,
748 4334 793 4385 pro
811 4334 849 4380 ac,
868 4335 913 4385 pro
932 4335 1004 4387 ergo,
1022 4317 1186 4384 sed,tamen‚
1204 4321 1351 4379 tumetum,

122 4406 153 4454 ut
172 4401 202 4453 in
222 4399 320 4465 glossis
339 4401 532 4468 antiquitatum
544 4401 658 4468 legimus
673 4402 818 4470 scriptum'.
835 4401 877 4457 Cf.
893 4403 953 4457 Sola
965 4407 1024 4458 110.
1036 4403 1103 4468 —5l
1113 4400 1185 4454 Fest.
1202 4401 1353 4456 ‘Cadmea

122 4489 207 4546 terra,
227 4499 294 4552 quae
313 4483 341 4536 in
358 4499 402 4536 aes
420 4483 537 4547 coicitur,
556 4488 585 4537 ut
605 4486 653 4539 liat
671 4486 849 4542 orichalcum'.
885 4487 917 4540 P.
935 4491 976 4541 47.
1028 4489 1030 4493 '
