3330 5400
366 397 407 460 14
806 397 891 465 Leges
908 397 959 449 Xll
977 398 1138 452 tabularum.

362 574 472 632 tamen
490 567 568 634 ferri
591 604 632 614 —
660 569 777 650 potuit.
806 568 887 652 (21.)
910 597 948 614 -·-
980 568 1065 634 scra
1087 568 1184 648 liunt,
1204 565 1321 649 ‘neque
1343 565 1469 630 tribuni
1489 566 1577 642 legem

361 690 400 734 eo
423 689 505 735 anno
528 671 659 750 ferrent,
691 665 804 752 neque'
830 677 883 735 etc.
915 670 997 752 (24.)
1026 707 1067 716 -
1100 671 1221 736 tribuni
1253 666 1353 751 (291),
1386 662 1428 712 ’-
1461 669 1576 732 comitia

362 778 558 854 quaestores
583 771 704 838 habere
736 773 776 836 de
807 791 862 836 reo
895 771 1061 855 (Volscio),
1096 772 1160 836 nisi
1194 772 1284 852 prius
1313 768 1429 834 habita
1460 770 1498 834 de
1518 771 1576 850 lege

360 865 478 948 essent,
501 893 652 955 passuros
675 873 849 954 negabant.
873 871 956 955 (25.)
980 910 1021 920 -
1044 873 1188 938 11111111
1210 871 1289 936 facti
1308 869 1397 952 (296)
1415 873 1496 936 duas
1513 873 1576 936 resi·

363 978 442 1042 duas
458 977 541 1040 anni
555 977 672 1056 prioris
691 994 806 1040 causas
829 980 1042 1055 exceperunt,
1052 1011 1096 1020 -
1112 976 1217 1056 legem
1233 1009 1270 1018 -
1292 973 1520 1052 impediebant,
1535 1009 1574 1037 -.

362 1077 442 1142 Cum
461 1113 501 1124 -—
517 1079 642 1143 tribuni
658 1078 697 1141 de
715 1078 787 1158 lege
802 1083 946 1158 agerent,
966 1077 1065 1141 duum
1083 1077 1238 1142 mensium
1254 1075 1399 1156 spatium
1410 1073 1575 1140 consulibus

301 1199 303 1204 ’
365 1181 476 1244 datum
502 1185 551 1243 est
576 1180 618 1243 ad
640 1179 870 1259 inspiciendam
893 1180 1007 1258 legem,
1034 1168 1080 1257 ut,
1105 1198 1176 1242 cum
1200 1178 1404 1242 edocuissent
1428 1177 1573 1258 populum,

364 1282 441 1362 quid
472 1281 598 1346 fraudis
621 1280 763 1344 occultae
786 1279 935 1360 ferretur,
968 1283 1110 1346 sinerent
1142 1281 1257 1344 deinde
1281 1277 1474 1360 suffragium
1502 1279 1574 1341 11111.

363 1384 432 1447 Η11
466 1382 629 1446 interualli
666 1383 776 1446 datum
812 1401 864 1446 111
901 1383 1093 1464 tranquillas
1128 1383 1160 1448 in
1194 1383 1275 1446 urbe
1306 1379 1392 1444 fecit.
1439 1380 1517 1464 (29.)
1543 1415 1573 1422 -

364 1485 519 1547 Extremo
544 1501 629 1546 anno
653 1483 815 1563 agitatum
838 1484 877 1547 dc
899 1484 971 1564 lege
995 1504 1014 1547 a
1037 1483 1177 1548 tribunis
1200 1489 1263 1562 est;
1291 1485 1361 1562 sed,
1384 1502 1490 1546 -ne
1513 1481 1573 1564 quid

363 1584 505 1650 ferretur
534 1585 574 1648 ad
602 1585 756 1666 populum
786 1589 896 1664 patres
924 1590 1065 1649 tenuere.
1110 1581 1571 1668 (30.)-1111111111(291),
1602 1643 1603 1668 ,

365 1705 437 1750 cum
463 1685 542 1750 foris
574 1688 675 1750 otium
701 1675 799 1764 essct,
832 1686 917 1750 domi
949 1686 1124 1750 seditiones
1151 1723 1194 1732 —
1217 1688 1330 1750 eadem
1353 1687 1406 1750 lex
1440 1685 1571 1750 faciebat.

365 1788 565 1868 ulteriusque
595 1794 727 1852 ventum
754 1786 851 1865 foret,
887 1787 967 1851 adeo
991 1793 1181 1852 exarserant
1208 1789 1316 1866 animi,
1344 1789 1378 1850 ni
1407 1794 1461 1852 111.
1509 1783 1571 1869 (31.)

364 1890 459 1954 Domi
490 1888 713 1971 (nesactium
741 1888 814 1954 luit.
840 1893 1060 1970 —sequente
1087 1909 1170 1954 anno
1197 1887 1286 1971 (299)
1313 1889 1466 1972 (tribuni)
1489 1889 1572 1968 legem

365 1992 512 2056 erunibus
535 1992 738 2056 contionibus
762 1991 828 2054 suis
852 1990 1026 2055 celebrant.
1050 2025 1091 2034 -—
1114 1993 1191 2055 novi
1216 1992 1360 2056 consules
1384 2027 1426 2036 -
1450 1992 1571 2056 aiebant.

261 2109 263 2114 ·
359 2089 556 2172 <1111111111
583 2095 727 2158 tribunos
754 2093 858 2172 legem
885 2090 969 2178 ferre
996 2087 1204 2172 1111111113·
1245 2093 1326 2157 Tum
1354 2094 1483 2157 abiecta
1507 2093 1571 2169 lege

364 2213 449 2274 quae
472 2196 678 2276 promulgata
701 2199 923 2270 consenuerat,
948 2195 1070 2258 tribuni
1092 2194 1197 2258 lenius
1221 2213 1318 2275 agere
1334 2213 1407 2258 1111
1426 2194 1570 2275 patribus:

360 2293 470 2360 ‘finem
494 2297 625 2360 tandem
649 2296 860 2358 certaminum
883 2294 1037 2373 facerent,
1060 2331 1102 2339 -—
1120 2296 1332 2359 communiter
1349 2296 1460 2377 legum
1474 2296 1571 2358 latores

365 2405 460 2462 etex
490 2391 584 2477 plebe
614 2402 707 2460 etex
736 2397 893 2476 patribus
923 2398 976 2476 qni
1002 2397 1149 2478 utrisque
1176 2397 1270 2461 utilia
1296 2396 1420 2461 ferrent
1448 2409 1570 2478 quaeque

364 2500 553 2579 aequandae
575 2498 739 2561 libertatis
763 2503 879 2575 essent,
904 2498 1047 2562 sinerent
1071 2493 1192 2562 creari.³
1228 2499 1307 2562 Rem
1329 2517 1394 2562 non
1419 2500 1570 2578 adsperna·

365 2601 488 2664 bantur
510 2604 636 2678 patrea,
660 2599 814 2662 daturum
837 2598 925 2678 leges
948 2599 1107 2664 neminem
1129 2600 1249 2664 nisiex
1272 2601 1434 2680 patribus,
1457 2601 1570 2664 aiebant.

366 2699 446 2764 Cum
469 2699 508 2762 de
533 2700 661 2778 legibus
689 2699 884 2776 conveniret,
912 2701 950 2762 de
978 2701 1083 2764 latore
1110 2706 1236 2764 tantum
1266 2695 1477 2782 discreparet,
1503 2695 1570 2762 missi

365 2801 467 2881 legati
497 2799 641 2864 Athenas
674 2799 725 2880 Sp.
757 2800 941 2865 Postumius
971 2802 1085 2881 Albus,
1117 2803 1152 2866 A.
1184 2803 1334 2882 Maxilua,
1365 2803 1400 2867 P.
1432 2799 1571 2882 Sulpicius

366 2901 569 2980 0111111111,
603 2902 747 2982 iussique
769 2902 898 2966 inclitas
919 2888 1007 2984 leges
1036 2903 1161 2968 Solonis
1189 2905 1371 2969 describere
1399 2911 1433 2969 et
1458 2904 1570 2968 aliaruu

365 3003 523 3068 Graeciae
556 3005 733 3068 civitatium
763 3005 916 3068 instituta
947 3025 1051 3069 mores
1079 3007 1216 3088 iuraque
1246 3025 1387 3070 noscere.
1441 3005 1515 3087 (32.)
1545 3031 1571 3045 -

245 3103 248 3109 ’
365 3107 495 3187 quietus
512 3121 615 3169 annus
631 3103 718 3186 (301)
739 3141 781 3149 —
801 3105 928 3170 silentio
948 3107 1162 3186 tribunorum,
1186 3108 1272 3188 quod
1291 3143 1307 3173 1
1321 3108 1512 3188 legatorum,
1534 3098 1570 3184 qli

366 3208 510 3274 Athenas
533 3209 647 3287 ierant,
670 3209 842 3289 legumque
865 3210 1110 3290 peregrinarum
1140 3209 1340 3289 exspectatio
1365 3209 1524 3290 praebuit.
1543 3235 1569 3247 κ

364 3310 434 3374 lam
457 3308 546 3390 (302)
569 3310 733 3373 redierant
755 3311 857 3391 legati
880 3330 953 3374 cum
976 3311 1094 3374 Atticis
1112 3310 1246 3390 legibus.
1291 3309 1338 3374 Eo
1365 3307 1570 3376 1111111111-

367 3411 498 3492 stabant
529 3411 663 3488 tribuni,
696 3417 733 3474 ut
764 3412 893 3476 taudem
927 3412 1168 3476 scribendarum
1198 3411 1316 3492 legum,
1338 3413 1469 3477 initium
1494 3410 1571 3474 fieret

367 3513 477 3579 Placet
501 3515 605 3579 creari
629 3515 744 3578 Xuiros
775 3515 843 3577 sine
875 3514 1111 3594 provocatione,
1135 3519 1168 3576 et
1191 3532 1230 3576 11
1254 3513 1326 3594 quis
1350 3532 1387 3578 11
1408 3534 1491 3579 1111
1510 3510 1571 3575 alins

367 3615 578 3695 magistratus
602 3621 696 3679 esset.
731 3615 1033 3678 Admiscerenturne
1056 3613 1172 3693 plebei,
1196 3617 1413 3680 controversia
1437 3617 1571 3695 aliquad-

365 3716 420 3779 diu
442 3715 518 3792 fuit3
542 3722 704 3795 postremo
728 3733 913 3783 concessum
937 3715 1097 3798 patribus.
1140 3716 1215 3795 (33.)
1258 3717 1350 3780 Anno
1367 3714 1571 3782 trecentesimo

367 3817 480 3894 altero,
513 3835 609 3894 quam
641 3818 771 3881 condita
805 3817 906 3879 Ronra
929 3821 1016 3894 erat,
1036 3853 1052 3882 a
1071 3822 1218 3880 mutatur
1244 3816 1348 3882 forma
1381 3818 1522 3882 civitatis
1544 3809 1571 3873 ab

363 3916 548 3979 consulibus
576 3918 617 3980 ad
644 3917 774 3996 Xuiros,
801 3954 843 3962 —
870 3918 1051 3981 Decemviri
1083 3919 1184 3998 creati
1211 3917 1335 3998 Appius
1358 3917 1512 3984 Claudius
1532 3918 1571 3977 etc

363 4014 444 4096 (34.)
463 4017 544 4079 Tum
561 4015 650 4098 (303)
666 4018 791 4098 legibus
811 4018 983 4084 condendis
1002 4037 1100 4099 opera
1118 4020 1270 4096 dabatur3
1287 4020 1477 4103 ingentique
1492 4013 1571 4082 homi·

301 4193 303 4197 Ι
366 4137 441 4182 num
469 4120 709 4198 exspectatione
740 4122 914 4200 propositis
942 4120 972 4183 X
999 4122 1128 4200 tabulis,
1157 4121 1311 4201 populum
1339 4123 1382 4186 ad
1413 4123 1571 4188 contionem

367 4215 961 4300 111111111111-(11-1111111111,
981 4224 1112 4296 summis
1130 4219 1316 4302 infimisque,
1341 4223 1413 4288 iura
1430 4205 1569 4304 aequasse'

366 4327 419 4383 etc.
443 4356 483 4364 —-
506 4319 585 4383 Cum
617 4319 659 4382 ad
682 4337 826 4382 rumores
853 4322 1017 4386 hominum
1051 4323 1090 4386 de
1123 4341 1314 4403 unoquoque
1346 4324 1455 4406 legum
1487 4318 1570 4400 capite

367 4421 471 4483 editos
495 4422 574 4484 satis
594 4425 755 4484 correctae
778 4421 972 4501 viderentur,
992 4423 1183 4487 centuriatis
1204 4425 1342 4487 comitiis
1357 4425 1388 4490 X
1406 4426 1570 4490 tabula-nn
