3346 5344
660 393 713 448 Lex
732 395 845 460 agraria.
1324 396 1363 461 77

140 569 169 632 h.
199 569 220 632 l.
253 567 422 648 praedium
452 565 689 646 quoiquomque
718 565 796 630 velit
825 568 992 650 supsignei
1019 572 1231 651 pequniamvc
1262 568 1365 635 solvat

4 711 8 742 i
140 687 297 751 praesque
320 668 579 749 quoiquomquc
603 683 642 730 ex
664 666 694 730 h.
717 667 738 730 l.
760 665 830 732 fieri
853 669 948 748 volet,
970 668 1037 736 fiai.
1059 695 1100 730 ω
1123 672 1142 756 ll

4 827 8 854 ἶ
227 770 403 854 [Quautum
428 767 560 850 oeotiaal
596 768 741 834 decumas
770 771 999 854 scriptorumve
1023 773 1148 853 pecmis
1180 795 1263 848 eum,
1293 775 1363 855 quei
1372 778 1419 832 85.

4 917 8 930 .
141 894 254 955 aarum
271 872 370 935 locum
390 869 566 950 aedilicium
587 871 624 934 iu
644 868 762 948 Atlicu
780 872 962 952 possidebit,
982 925 989 936 .
1009 924 1017 938 .
1035 874 1117 956 (200)
1136 925 1143 938 .
1159 922 1166 936 .
1185 877 1257 954 quei
1277 870 1364 960 aym]

4 1025 9 1052 ,
140 975 229 1040 locus
256 973 444 1054 populorum
467 971 667 1037 leibcrorum
689 971 895 1054 perfugarum
914 993 977 1040 non
1000 974 1112 1057 fueris,
1147 995 1204 1058 pro
1228 996 1265 1040 eo
1287 995 1365 1058 agro

6 1121 9 1128 ·
142 1073 287 1142 aedificio
305 1075 442 1154 locoque*
460 1091 498 1138 cx
520 1071 620 1154 lisga)
643 1073 741 1154 dicta,
766 1072 872 1156 q[uam
895 1076 925 1140 L
950 1076 1106 1144 Caecilius
1130 1079 1186 1144 Ca.
1205 1078 1366 1142 Domitius

142 1173 324 1264 couldores)
348 1176 417 1256 agri
442 1172 567 1240 aedifici
590 1174 651 1238 loci
673 1177 928 1257 vectigalibusve
951 1179 1108 1260 publiccis
1134 1179 1298 1244 truandeis
1320 1179 1365 1242 lo-

142 1279 269 1344 candcis
282 1277 477 1342 vendundeis
491 1276 594 1357 legem
610 1277 789 1350 deixeruna
801 1279 972 1358 publicano
989 1281 1068 1346 dare
1081 1282 1238 1362 oportuit:
1256 1280 1266 1363 Ι(
1283 1275 1423 1365 [tau-86..

143 1382 268 1446 tuadem
278 1385 352 1463 post
370 1380 382 1442 l
391 1429 398 1444 .
416 1379 435 1444 l.
450 1399 513 1462 coa.
531 1380 603 1458 quei
617 1399 729 1461 aarum
744 1380 843 1446 locum
861 1381 1040 1464 aedificium
1052 1381 1211 1462 mAscica
1227 1383 1367 1465 possidet

4 1535 11 1581 s
137 1483 319 1566 possidebit,
343 1531 350 1545 .
374 1529 381 1544 .
404 1481 487 1564 (200)
511 1527 517 1540 .
542 1480 739 1564 moll-immo
767 1483 896 1566 oectiqol
923 1484 1067 1550 desumus
1092 1480 1367 1572 scm'qolura]mque
1421 1516 1426 1526 ·

142 1584 265 1665 pecoris
296 1585 375 1649 dare
406 1583 538 1662 debeto,
572 1583 664 1647 neive
695 1583 834 1664 amplius
866 1603 905 1650 θα
937 1586 1098 1652 aliubeive
1122 1588 1257 1652 aliterve
1289 1587 1366 1650 dare

142 1686 264 1765 lebeta,
287 1704 451 1768 pequsquc
472 1681 542 1770 nali
564 1686 658 1750 aliter
679 1685 806 1752 alieisoe
827 1684 1010 1774 tacihildis
1030 1707 1066 1754 θο
1085 1707 1163 1771 agro
1183 1689 1364 1769 pascuam

227 1788 317 1866 Quae
340 1788 512 1870 vectigalia
534 1788 568 1851 in
590 1785 699 1852 Attica
722 1787 851 1868 publica
874 1791 986 1870 populi
1008 1791 1145 1856 Romani
1167 1795 1256 1870 sunt,
1283 1804 1365 1871 quae

141 1890 175 1956 L.
200 1889 360 1955 Caecilius
383 1888 438 1954 Cn.
462 1887 650 1971 Domitius)
674 1875 848 1972 candores)
866 1889 1002 1956 fruenda
1018 1891 1028 1974 Ι)
1046 1888 1238 1976 [locaoemut
1259 1891 1427 1959 umidi-iia

138 1993 287 2058 deruutoe
317 1993 537 2074 quelquomcuc
572 1988 809 2074 mamistratu's)
832 1998 908 2073 post
938 1993 967 2056 le.
1000 1993 1020 2056 l.
1042 2014 1106 2075 roa.
1133 2015 1169 2058 ea
1201 1994 1367 2076 occtiyalia

139 2095 251 2159 locabit
273 2094 426 2172 ocadetoe,
448 2113 508 2175 quo
530 2095 636 2158 miuus
654 2092 823 2173 pullicum
846 2113 912 2157 eum
930 2094 1025 2176 locem
1039 2094 1288 2176 dicat..(200)..
1307 2115 1366 2175 quo

4 2265 8 2304 ἱ
137 2193 226 2282 pl]us
242 2197 361 2278 populo
378 2195 456 2260 darc
471 2195 588 2260 debeat
605 2183 782 2276 solvatque,
799 2193 935 2277 c(ius)h.
948 2195 968 2259 l.
988 2194 1149 2278 niihilum)
1165 2195 1366 2277 magadam

226 2295 468 2378 Maglistratus)
483 2314 581 2378 prove
596 2296 831 2378 mag(istraiu),
849 2298 963 2378 queiva
981 2317 1039 2378 pro
1055 2316 1092 2362 co
1104 2299 1227 2378 inperio
1246 2297 1366 2362 iudicio

141 2394 162 2485 [.
187 2451 193 2463 .
218 2449 224 2462 .
249 2398 309 2481 (48)
333 2421 340 2460 ;
362 2445 369 2459 .
393 2400 616 2482 quatacumque
639 2396 732 2480 quae]
759 2397 889 2479 publica
911 2399 1022 2480 populi
1044 2399 1181 2464 Romani
1205 2399 1237 2462 in
1258 2397 1367 2462 Africa

141 2508 216 2566 suni
239 2507 382 2580 omnive,
404 2501 577 2582 vectigalia
602 2499 738 2564 ituenda
761 2499 884 2566 locabit
905 2502 1073 2581 vendam,
1096 2519 1192 2582 quom
1211 2519 1251 2566 θα
1268 2500 1367 2564 vecti-

140 2605 227 2686 galia
250 2602 387 2668 lruenda
408 2602 530 2668 locabit
553 2603 709 2668 vcndcivc
727 2602 737 2685 ll
755 2597 821 2687 [uei
842 2605 887 2669 eis
908 2603 1111 2686 aectiyalibus
1128 2603 1224 2685 lacem
1244 2602 1423 2680 caelicas.

5 2691 7 2706 ¹
140 2727 200 2788 qua
221 2707 349 2770 iuoiteis
370 2708 437 2785 icis,
461 2708 533 2789 quei
547 2726 617 2772 ema
634 2726 745 2788 uacum
759 2705 973 2787 possidebunt,
987 2705 1157 2788 publicano
1175 2705 1253 2788 quid
1264 2704 1367 2782 focace

5 2817 9 2891 g
140 2808 240 2886 liceat,
257 2802 337 2893 (ἔξω)
355 2808 480 2890 quodei
497 2829 563 2872 aaa
583 2808 672 2873 licuit
687 2805 810 2890 facocJe
829 2826 868 2872 cx
885 2807 957 2890 lege
972 2809 1068 2884 dicta,
1087 2827 1184 2890 quam
1202 2808 1237 2872 L.
1257 2805 1367 2872 Caeci·

141 2909 229 2990 (lius)
248 2908 304 2974 Cn.
319 2909 507 2992 Danditius)
526 2929 621 2990 cena,
642 2929 736 2992 quom
756 2927 865 2974 aarum
882 2928 1032 2991 agrorum
1047 2911 1221 2991 vectigalia
1230 2908 1367 2974 fruenda

140 3011 328 3076 locaverunt
347 3009 604 3093 [ceadideruutoe
620 3061 626 3074 .
643 3011 721 3093 .(50)
732 3057 756 3076 ..
771 3013 816 3076 eis
833 3013 920 3093 accis
937 3010 1047 3094 ἱερήια
1066 3012 1253 3089 deserum
1275 3011 1368 3074 ncive

143 3111 225 3192 quod
241 3111 273 3174 in
293 3113 339 3175 eis
358 3114 464 3192 agrcis
482 3131 584 3194 pcqus
600 3119 766 3195 pascetur,
786 3114 964 3193 scripturae
982 3113 1107 3194 pecoris
1125 3113 1229 3193 legem
1239 3112 1366 3190 deicito,

142 3231 204 3294 quo
220 3212 357 3276 ‘invitcis
380 3212 435 3291 cic,
459 3213 533 3293 quei
556 3232 629 3278 eum
655 3233 769 3294 agrum
799 3213 1007 3293 posidebunt,
1025 3211 1035 3294 ll
1053 3211 1166 3295 [aliter
1177 3218 1417 3294 pascuatamsc.

142 3334 236 3397 quam
251 3319 367 3396 pastae
388 3320 463 3378 suut
485 3335 523 3380 ea·
545 3316 609 3398 leae
631 3315 731 3392 dicta,
756 3336 850 3397 quam
871 3315 907 3377 L.
934 3313 1099 3392 Caecilius,
1125 3312 1182 3378 Ca.
1207 3313 1368 3382 Domitius

142 3436 281 3482 occisores
303 3415 397 3498 locem
418 3415 583 3482 deiceouut
603 3465 636 3482 ..
661 3416 741 3498 (201)
764 3465 771 3480 .
793 3467 799 3480 .
822 3440 863 3473 ω

232 3517 317 3598 Quae
338 3518 503 3600 oectiaalio
527 3517 666 3596 frueado
692 3520 727 3582 iu
749 3516 864 3595 Africa
891 3516 946 3584 Cu.
970 3516 1126 3600 Pacarius
1148 3537 1208 3582 cos.
1229 3517 1369 3582 oeudidit

143 3621 307 3699 locucitoe,
335 3618 517 3704 comminus
541 3640 580 3686 θα
610 3622 683 3702 lege
716 3621 800 3686 sient
823 3625 1039 3700 pareantque,
1063 3637 1161 3700 quam
1184 3618 1287 3700 legam
1310 3617 1369 3683 Cn.

142 3723 299 3803 Paperius
312 3741 374 3787 cos.
393 3722 439 3787 eis
451 3721 833 3806 vendundeis(iocuudeis
850 3719 974 3805 deicit)
992 3719 1130 3803 elius)h.
1141 3719 1190 3804 (l.)
1205 3718 1371 3802 n(ihilum)

8 3843 10 3848 ’
142 3823 293 3906 riogato).
315 3847 356 3882 ω

233 3925 313 4006 (luci
336 3921 423 4010 [ocor
443 3928 479 3992 iu
500 3926 617 4005 Africa
634 3932 689 4004 est,
709 3973 715 3986 .
736 3924 815 4006 ,(78)
833 3971 840 3985 .
860 3975 866 3988 .
886 3946 964 4008 qaue
981 3927 1050 3992 oiae
1067 3926 1103 3989 iu
1119 3924 1167 4008 co]
1185 3944 1273 4007 agro,
1291 3929 1369 3988 ante

144 4047 247 4110 quam,
262 4027 404 4110 Cariago
427 4034 524 4108 capta
546 4035 606 4109 est,
629 4027 778 4098 fuerunt:
803 4045 861 4092 θαθ
879 4045 987 4094 omnes
1005 4028 1153 4110 publicae
1173 4032 1266 4092 sunio
1284 4025 1367 4090 limi-

143 4134 257 4212 tesque
279 4131 363 4195 inter
385 4128 579 4214 centurials)
596 4129 606 4213 ΙΙ
642 4130 839 4213 ..(201)..
1375 4154 1420 4208 90.

230 4227 345 4316 illoti,
368 4235 440 4316 quei
461 4254 500 4298 ca
522 4234 551 4297 lu.
568 4234 588 4298 l.
604 4231 710 4312 factus
728 4237 886 4298 creatusoc
901 4235 968 4312 erit,
987 4235 1033 4299 sei
1050 4233 1136 4316 apud
1153 4253 1222 4298 eum
1238 4233 1276 4310 is,
1295 4233 1368 4313 quoi

143 4357 218 4418 acer
245 4337 279 4399 iu
304 4334 423 4414 Africa
450 4337 636 4419 adclamatus
656 4342 715 4414 est,
748 4355 817 4402 ouuc
838 4356 949 4418 aarum
966 4333 1130 4418 professus
1151 4335 1226 4412 em't,
1249 4334 1278 4398 ei
1299 4353 1367 4398 eum

144 4449 270 4520 aarum,
303 4459 391 4519 quem
417 4434 546 4524 algrum
578 4439 610 4502 in
642 4457 679 4503 eo
701 4455 834 4502 numero
858 4437 928 4519 agri
954 4435 1117 4520 professus
1139 4437 1214 4516 arii,
1247 4453 1309 4518 quo
1332 4435 1365 4500 in
