3330 5400
602 387 686 455 Leges
709 387 805 455 regiae.
828 458 830 460 Ι

384 531 385 534 ‘
450 560 507 624 nr.
541 557 707 624 runnus
725 555 960 624 nosrrnros.

179 695 205 761 1.
232 687 338 761 Cicero
359 697 412 778 (de
426 718 490 776 rep.
513 693 618 778 2,17):
640 693 783 778 (Tullus)
806 693 974 757 constituit
992 694 1056 771 ius,
1080 711 1142 773 quo
1163 692 1249 758 bella
1271 694 1319 756 in-

94 801 290 875 dicerentur,
314 798 401 878 quod
419 833 460 842 -—
480 799 586 861 sanxit
609 795 711 861 fetiali
726 796 891 877 religione,
906 799 953 860 'ut
970 813 1063 858 omne
1081 795 1210 874 bellum,
1234 795 1320 876 quod

93 901 322 965 denuntiatum
341 899 562 980 indictumque
573 917 635 963 non
652 903 745 972 esset,
768 897 801 961 id
818 897 972 961 iniustum
988 913 1058 960 esse
1074 901 1172 976 atque
1188 897 1321 978 impium

95 1003 308 1092 iudicaretur.
405 1003 408 1010 '
705 1019 707 1024 ·

181 1100 210 1166 2.
241 1101 352 1165 Idaios
377 1105 490 1178 (mdis
518 1101 585 1165 Rex
617 1097 759 1182 (Tullus)
785 1135 822 1144 -—
851 1092 1079 1178 ‘Duumviros,'
1109 1099 1226 1179 inquit,
1251 1095 1323 1180 ‘qui

96 1205 233 1268 Horatio
269 1203 519 1284 perduellionem
555 1203 714 1281 iudicent,
758 1202 933 1267 secundum
964 1201 1069 1282 legem
1102 1195 1200 1265 facio?
1255 1196 1323 1264 Lex

97 1306 248 1370 horrendi
280 1305 429 1369 carminis
456 1310 545 1369 erat:
573 1301 755 1368 ‘Duumviri
785 1303 1037 1384 perduellionem
1064 1303 1222 1380 iudicent;
1253 1302 1280 1366 si
1303 1319 1324 1365 a

97 1407 274 1471 duumviris
305 1408 500 1487 provocarit,
539 1407 765 1488 provocatione
797 1410 937 1470 certato:
977 1405 1004 1468 si
1040 1405 1184 1483 vincent,
1224 1408 1323 1484 caput

96 1508 266 1587 obnubilo,
296 1507 416 1573 infelici
447 1508 555 1572 arbori
585 1513 671 1572 reste
704 1508 922 1587 suspendito,l
951 1509 1123 1572 verberato
1152 1505 1202 1570 vel
1235 1506 1324 1570 intra

102 1611 293 1690 pomerium,
316 1611 367 1674 vel
390 1616 483 1674 extra
506 1604 720 1690 ροιοεαίυαιῖ2

181 1708 208 1771 3.
232 1712 332 1776 Dion.
345 1711 487 1794 (3,22):³
510 1709 579 1774 ἔστι
599 1709 635 1774 δὲ
657 1711 712 1774 καὶ
736 1707 911 1794 νόμοςιδί
933 1711 1042 1776 ἐκεῖνο
1055 1714 1138 1788 (τῶν
1150 1707 1324 1794 Ὁρατίων)

96 1813 268 1895 κυρωθεὶς
289 1813 330 1878 τὸ
353 1801 476 1891 πάθος,
500 1802 528 1896 ᾧ
552 1813 607 1876 καὶ
631 1811 676 1885 είς
698 1811 753 1896 ἐμὲ
774 1816 932 1894 χρῶνται,
954 1847 996 1857 -
1027 1813 1185 1890 κελέυιυν,
1209 1806 1258 1887 oie
1281 1807 1323 1876 δν

94 1913 263 1996 γένωνται
294 1914 451 1998 τρίδυμοι
480 1913 614 1990 παῖδες,
647 1914 683 1978 ἐκ
717 1917 780 1977 τοῦ
813 1913 973 1996 δημοσίου
1002 1911 1063 1990 τὰς
1094 1911 1222 1996 τροφὰς
1253 1917 1324 1978 τῶν

93 2016 228 2079 παίδων
249 2020 466 2099 χορηγεῖσθαι
489 2014 581 2098 μέχρι
603 2005 691 2099 ἥβης.

176 2117 206 2182 4.
231 2117 329 2181 Dion.
358 2115 504 2200 (3,5’θ).·4
541 2127 613 2191 τοῖς
644 2112 789 2199 ἑταίροις
826 2109 934 2179 αὐτοῦ
968 2113 1043 2192 (τοῦ
1076 2115 1240 2196 Μεττίου)
1269 2117 1325 2180 καὶ

91 2214 265 2283 συνειδόσι
287 2216 350 2302 τὴν
376 2217 564 2301 προδοσίαν
595 2213 702 2282 αὐτοῦ
735 2213 934 2301 δικαστήρια
956 2212 974 2281 δ
997 2213 1150 2294 βασιλεὺς
1170 2213 1329 2298 (Τύλλος)

90 2321 238 2395 καθίσας
260 2318 342 2395 τοὺς
363 2316 509 2395 ἁλόντας
540 2317 574 2398 ἒξ
597 2315 712 2385 αὐτῶν
735 2317 822 2383 κατὰ
846 2317 909 2384 τὸν
931 2321 1003 2382 τῶν
1027 2321 1265 2382 λειποτακτῶν
1288 2341 1326 2383 τε

93 2417 150 2486 καί
170 2413 363 2506 προδοτῶν
380 2410 490 2505 νόμον
512 2416 719 2486 ἀπέκτεινεν.

172 2523 211 2614 Ιὃ.
239 2525 311 2589 Tuo.
335 2529 422 2602 (ααυ.
447 2528 551 2603 12,8).·
573 2523 709 2589 Addidit
733 2523 896 2603 Claudius
920 2543 1013 2588 sacra
1038 2523 1220 2604 exlegibus
1240 2521 1327 2587 Tulli

95 2626 183 2706 regis
205 2627 400 2708 piaculaque
423 2625 565 2708 (propter
587 2627 741 2690 sororium
763 2625 871 2689 Silana·
892 2625 1055 2707 ιἰιυιοιιιιιι)
1077 2661 1119 2672 -
1138 2645 1197 2706 per
1219 2625 1327 2705 ponti-

96 2726 171 2792 fices
195 2728 330 2792 danda.⁶

430 2841 432 2844 ’
474 2863 547 2928 nn.
593 2861 731 2927 anuos
754 2863 953 2928 ornamus.

188 2998 215 3063 l.
238 2999 352 3064 Liuius
374 2998 488 3080 (1,32).·
510 2998 555 3064 Ut
573 3003 692 3078 tamen,
717 2999 866 3079 quoniam
885 2997 991 3063 Numa
1009 3000 1042 3065 in
1061 3018 1138 3080 pace
1154 2999 1327 3079 religiones

99 3099 307 3179 instituisset,
331 3120 350 3164 a
374 3119 407 3164 se
426 3099 561 3164 bellicae
578 3100 791 3164 caerimoniae
809 3101 1037 3181 proderentur,
1057 3120 1115 3165 nec
1135 3105 1328 3177 gererentur

102 3201 205 3264 solum
229 3199 285 3264 sed
312 3201 410 3264 etiam
437 3201 656 3266 indicerentur
687 3201 772 3264 bella
799 3203 904 3282 aliquo
932 3205 1012 3280 ritu,
1041 3204 1092 3266 ius
1118 3204 1158 3268 ab
1189 3200 1325 3282 antiqua

101 3307 199 3382 gente
223 3301 415 3382 Aequicolis,
434 3303 520 3383 quod
541 3320 628 3366 nunc
649 3299 776 3366 fetiales
801 3303 937 3382 habent,
970 3303 1155 3384 descripsit,
1183 3320 1245 3384 quo
1272 3322 1328 3367 res

98 3405 326 3484 repetuntur.⁶

436 3537 473 3602 V.
518 3536 781 3614 TARQUINIUS
805 3537 989 3603 PRISCUS.

188 3673 214 3737 1.
241 3673 347 3740 Cicero
369 3674 422 3758 (de
439 3695 504 3756 rep.
525 3673 637 3756 2‚20).·
663 3673 866 3755 Tarquinius,
894 3711 936 3720 —
966 3679 1002 3738 ut
1034 3675 1073 3738 de
1100 3693 1158 3739 suo
1188 3674 1327 3754 imperio

69 3830 73 3837 .
99 3777 206 3876 legem
228 3777 312 3856 tulit,
337 3776 496 3858 principio
519 3777 906 3857 duplicavitapristinum
929 3781 1059 3856 patrum
1082 3794 1265 3855 numerum,
1291 3783 1325 3842 et

169 3945 196 4010 1)
215 3944 303 3998 Verba
326 3947 413 4012 ‘caput
432 3973 464 3982 -
482 3944 644 4012 suspendito’
664 3944 754 3997 Cicero
773 3946 812 4013 (p.
830 3944 900 3998 aaa.
918 3947 947 4007 4,
970 3947 1014 4011 13)
1031 3945 1086 4014 legi
1104 3944 1241 4013 Tarquinii
1259 3944 1323 4013 Sup.

99 4028 253 4083 adtribuere
263 4029 377 4083 videtur.
397 4057 428 4068 -
447 4030 523 4097 2)(3ί.
535 4029 607 4082 Fest.
624 4030 764 4082 Sororium.
786 4030 839 4082 Cic.
858 4045 913 4097 rep.
932 4033 959 4094 2,
977 4033 1018 4084 31.
1038 4059 1070 4068 -
1088 4030 1115 4096 3)
1124 4029 1187 4093 (Lex
1206 4030 1263 4084 lata
1282 4033 1324 4085 est

99 4116 208 4181 proptor
229 4113 307 4166 illum
331 4129 433 4176 casum,
451 4114 554 4175 iubens,
573 4114 596 4165 si
613 4113 655 4166 cui
672 4113 811 4177 trigemini
829 4117 1001 4166 nascerentur
1018 4114 1082 4182 filii,
1100 4114 1132 4168 de
1151 4116 1256 4184 publico
1274 4117 1326 4170 ali-

99 4202 194 4252 menta
216 4199 251 4252 ad
273 4199 443 4267 pubertatem
466 4197 548 4266 usque
575 4198 757 4266 suppeditari.)
775 4229 809 4236 —
831 4201 857 4264 4)
877 4199 964 4261 (sociis
987 4202 1015 4252 et
1036 4199 1192 4268 proditionis
1214 4201 1324 4253 consciis

100 4282 200 4335 indicia
219 4299 263 4336 rer
281 4282 423 4336 constituit
441 4287 469 4336 et
487 4283 620 4336 convictos
639 4299 669 4336 er
687 4283 748 4349 loge
766 4283 799 4335 de
817 4283 996 4337 desertoribus
1014 4287 1042 4337 et
1052 4282 1230 4352 proditoribus
1239 4283 1324 4338 inter·

101 4366 176 4432 fecit)
195 4396 227 4404 -
246 4368 273 4434 5)
292 4365 330 4420 cf.
346 4367 406 4420 Isiu.
429 4371 458 4433 1,
480 4371 532 4421 26.-
554 4365 741 4434 ‘piacularibus
765 4369 900 4421 sacrificiis
925 4369 1016 4431 lactis,
1040 4385 1106 4437 quae
1129 4367 1223 4421 deinde
1247 4371 1323 4436 genti

101 4450 231 4503 Horatiae
248 4451 351 4504 tradita
369 4453 449 4506 sunt'.
468 4483 502 4490 -
520 4453 547 4518 6)
568 4450 605 4505 of.
625 4451 672 4520 lep.
695 4451 763 4506 Ταίί.
782 4453 862 4507 Host.
880 4459 904 4508 1.
