3330 5400
679 390 765 458 Leges
784 393 882 460 regiae.
1302 354 1307 361 Ι
1373 399 1394 464 3

167 562 249 638 τούς
272 558 476 648 ἱεροφάντας
498 565 553 628 καὶ
565 562 625 639 τὰς
633 565 710 648 περὶ
729 569 799 628 τῶν
816 562 917 649 ἱερῶν
933 564 1131 650 συγγραφάς,
1151 561 1190 644 dg
1207 571 1395 654 Πομπίλιος

165 662 406 750 συνεστήσατο,
424 661 501 749 παρ’
523 661 640 731 αὐτῶν
658 665 771 746 λαβὼν
789 661 978 751 ἀνέγραψεν
997 668 1044 743 είς
1061 669 1200 745 δέλτους
1217 673 1271 736 καὶ
1289 667 1392 756 προδ-

166 773 275 851 θηκεν
303 768 339 833 έν
363 763 479 856 ἀγορᾷ,
502 803 543 813 -
566 762 606 844 δίς
628 763 860 854 ἀφανισθῆναι
883 769 1004 853 συνέβη
1026 773 1077 854 τῷ
1099 769 1223 856 χρόνῳ·
1247 757 1394 857 -μετὰ

165 869 204 933 δὲ
233 867 296 954 τὴν
326 868 469 954 ἐκβολὴν
498 873 572 935 τῶν
598 871 762 950 βασιλέων
793 870 839 946 εἰς
874 865 1070 957 ἀναγραφὴν
1101 873 1262 957 δημοσίαν
1293 866 1395 950 αὖθις

169 965 323 1054 η’χθησαν
345 965 399 1034 ὑπ’
424 966 548 1054 ἀνδρὸς
571 970 778 1057 ἱεροφάντου
799 971 908 1037 Γαίου
929 975 1112 1055 Παπιρίου,
1144 974 1207 1060 τὴν
1229 973 1394 1042 ἁπάντων

169 1077 241 1136 τῶν
273 1069 375 1155 ἱεροῦν
405 1070 584 1156 ἡγεμονίαν
611 1073 755 1156 ἔχοντος.
806 1073 855 1138 13.
888 1073 1009 1139 Paulus
1044 1076 1085 1139 αδ
1120 1077 1139 1140 ί.
1166 1077 1233 1140 εῙιιί.
1259 1084 1288 1142 et
1314 1078 1392 1160 Pap.

168 1172 1446 1260 fflfflffiffissmfflmmmmwQOmmm.

169 1274 313 1354 pellicem
341 1295 426 1340 nunc
453 1277 545 1358 volgo
567 1279 674 1342 vocari
697 1284 750 1343 etc.
793 1277 841 1342 14.
863 1279 1002 1342 Macrob.
1025 1279 1097 1360 (eat.
1120 1280 1221 1361 3,11).·
1242 1281 1279 1344 ln
1297 1281 1393 1361 Papi-

168 1377 368 1443 rianeoiure
393 1379 559 1444 evidenter
580 1380 718 1444 relatum
748 1385 814 1460 est,
853 1399 928 1444 arae
959 1379 1060 1445 vicem
1096 1387 1263 1462 praestare
1299 1401 1394 1462 posse

167 1495 310 1540 mensam
339 1479 486 1544 dicatam.
534 1480 582 1544 15.
606 1481 737 1546 Servius
766 1481 814 1562 (ῗυ
842 1483 930 1565 Verp.
953 1483 1032 1546 Aen.
1057 1483 1203 1565 12,836):
1234 1485 1320 1564 quod
1347 1485 1394 1548 ait

88 1583 90 1587 ’
164 1578 354 1661 (Vergilius)
373 1577 504 1646 ‘morem
528 1583 676 1666 ritusque
699 1602 861 1648 sacrorum
871 1578 886 1662 ‚³
917 1585 985 1664 ipso
1013 1585 1108 1648 titulo
1135 1586 1215 1666 legis
1242 1585 1393 1667 Papiriae

166 1698 242 1744 usus
265 1687 324 1760 est,
348 1701 443 1764 quam
467 1685 589 1748 sciebat
612 1685 651 1749 de
674 1686 740 1750 ritu
763 1703 928 1750 sacrorum
951 1685 1155 1766 publicatam.

647 1889 671 1952 1.
696 1887 909 1954 ROMULUS.

573 2042 603 2084 a.
631 2029 712 2084 Jus
734 2029 984 2096 publicum.

255 2154 282 2219 1.
306 2156 404 2222 Dion.
419 2159 513 2236 (2,θ).·
527 2157 536 2195 ¹
556 2155 589 2224 Ὁ
605 2159 642 2224 δὲ
654 2156 819 2244 Ῥωμύλος
834 2159 948 2245 ἐπειδὴ
965 2161 1105 2244 διέκρινε
1123 2161 1203 2235 τοὺς
1218 2165 1394 2244 κρείττους

166 2254 265 2336 (τοὺς
275 2261 486 2340 πατρικίους)
502 2256 569 2325 ἀπὸ
582 2266 653 2325 τῶν
669 2259 824 2347 ἡττόνων
841 2267 921 2336 (τῶν
939 2264 1129 2342 πληβείων),
1152 2262 1393 2346 ἐνομοθέτει

164 2356 249 2441 μετά
268 2363 373 2424 τοῦτο
396 2361 450 2424 καὶ
475 2362 666 2441 διέταττεν,
696 2357 718 2428 δι’
745 2363 806 2449 χρὴ
834 2361 997 2446 πράττειν
1020 2361 1206 2448 ἑκατέρους,
1229 2364 1310 2440 τοὺς
1330 2366 1392 2449 μὲν

165 2455 370 2543 εὐπατρίδας
404 2461 559 2546 ἱερᾶσθαί
590 2489 626 2530 τε
664 2467 719 2530 καὶ
751 2461 864 2550 άρχειν
898 2467 954 2530 καὶ
986 2465 1148 2548 δικάζειν,
1174 2503 1217 2512 -
1245 2467 1326 2542 τοὺς
1355 2467 1393 2532 δὲ

166 2561 369 2646 δογματικοὺς
384 2602 425 2610 -
439 2579 598 2650 γεωργεῖν
609 2605 625 2634 ι
635 2564 691 2631 καί
706 2580 952 2652 κτηνοτροφεῖν
970 2570 1025 2632 καὶ
1044 2568 1105 2644 τὰς
1121 2567 1393 2653 χρηματοποιοὺς

165 2661 364 2746 ἐργάζεσθαι
387 2668 511 2749 τέχνας.
540 2705 581 2713 -
607 2667 897 2754 παρακαταθήκας
920 2671 955 2734 δὲ
979 2668 1084 2734 έδωκε
1106 2683 1179 2746 τοῖς
1204 2672 1393 2753 πατρικίοις

165 2764 246 2841 τοὶς
265 2766 476 2852 δημοτικούς,
495 2768 677 2854 ἐπιτρέψας
696 2768 836 2854 ἱκάστφ,
859 2807 899 2816 -—
924 2764 965 2835 δν
984 2767 1087 2847 αὐτὸς
1104 2768 1263 2850 ἐβούλετο
1280 2773 1392 2857 νέμειν
1444 2793 1447 2800 ’

165 2867 370 2955 προστάτην,
394 2909 436 2918 -
457 2875 673 2955 πατρωνείαν
696 2867 865 2956 ὀνομάσας
886 2871 949 2958 τὴν
971 2874 1186 2957 προστασίαν.

252 2969 280 3032 2.
304 2973 401 3038 Dion.
424 2974 562 3056 (2,10).·2
590 2964 647 3039 Ἦν
672 2975 706 3038 δὲ
730 2973 772 3038 τὰ
795 2969 849 3038 ὑπ’
875 2974 1009 3039 ἐκείνου
1037 2973 1115 3039 τότε
1145 2971 1327 3058 ὁρισθέντα
1350 3013 1391 3021 -

189 3109 350 3117 ..n-——as

164 3172 266 3225 tificem
284 3173 445 3232 maximum.l
471 3174 502 3227 cl.
522 3175 581 3228 Βία.
600 3181 624 3227 1.
643 3179 693 3228 32.-
716 3177 798 3227 ‘sacra
818 3174 926 3242 publice
950 3179 980 3228 ut
998 3175 1032 3228 ab
1050 3175 1139 3228 Numa
1156 3176 1287 3228 institute
1304 3179 1391 3239 erent,

164 3285 199 3295 -
217 3273 248 3310 ex
266 3257 462 3310 commentariis
480 3259 550 3325 regis
569 3259 721 3326 pontificem
739 3260 767 3311 in
785 3259 876 3310 elbum
894 3259 980 3311 relata
990 3275 1132 3326 proponere
1148 3259 1176 3311 in
1185 3259 1291 3328 publico
1300 3259 1391 3312 iubet!

163 3341 248 3394 Dion.
267 3345 291 3403 5,
310 3346 342 3394 1:
359 3337 487 3412 πρῶτος
508 3339 596 3411 ἱερῶν
613 3341 747 3412 βασιλεὺς
766 3346 820 3408 (rex
839 3344 979 3408 sacrorum)
997 3341 1110 3406 Μάνιος
1129 3341 1291 3414 Παπίριος.’

236 3427 260 3490 1)
284 3426 421 3490 (Romulus
443 3430 582 3494 postquam
607 3427 720 3492 potiores
746 3427 780 3480 ab
805 3425 973 3484 inferioribus
1000 3433 1161 3490 secrevernt‚
1186 3427 1258 3494 leges
1282 3429 1391 3495 proinde

163 3511 231 3564 tulit
255 3514 296 3578 et,
319 3510 382 3579 quid
400 3511 520 3579 utrisque
543 3509 692 3566 faciendum
711 3515 781 3564 esset
800 3510 942 3578 disposuit:
965 3510 1071 3577 patricii
1089 3509 1242 3563 sacerdotiis
1261 3513 1289 3563 et
1307 3514 1392 3579 megi-

163 3595 295 3648 stratibus
313 3595 489 3662 fungerentur
505 3598 533 3649 et
542 3595 697 3659 indicerent,
716 3593 814 3662 plebeii
827 3610 888 3648 vero
906 3610 986 3661 egros
1004 3594 1131 3660 colerent,
1149 3609 1227 3661 pecus
1245 3594 1348 3648 alerent
1363 3599 1391 3649 et

117 3734 120 3738 ,
163 3683 337 3747 quaestuosas
355 3682 428 3732 artes
454 3684 613 3734 exercerent.
650 3677 687 3732 Ut
714 3678 862 3746 depositum
887 3694 946 3732 vero
975 3678 1146 3746 patriciorum
1173 3677 1237 3731 fidei
1259 3680 1391 3733 commisit

163 3764 289 3832 plebeios,
308 3764 467 3831 permittens
485 3765 625 3832 unicnique
643 3779 721 3832 quem
743 3764 799 3832 ipse
824 3763 876 3816 sibi
898 3763 980 3816 vellet
1003 3762 1104 3830 eligere
1126 3774 1278 3829 patronum,
1302 3766 1391 3832 patro-

163 3852 258 3902 natum
282 3849 419 3917 appellans
442 3849 491 3903 hoc
513 3849 711 3917 patrocinium.)
743 3849 776 3902 of.
797 3848 852 3902 Cic.
871 3847 903 3900 de
920 3864 975 3916 rep.
994 3851 1021 3910 2,
1039 3850 1070 3900 9:
1091 3847 1228 3914 ‘Romulus
1245 3877 1279 3884 -
1296 3847 1391 3900 habuit

163 3931 270 3999 plebem
288 3933 316 3984 in
334 3933 473 3996 clientelas
491 3933 638 4002 principum
658 3933 878 4001 descriptam.'-
891 3932 1001 3998 θὶίθοίί
1017 3931 1050 3984 ab
1065 3932 1112 3985 illo
1130 3929 1196 3985 tunc
1214 3932 1391 3985 constitutum
1412 3933 1414 3939 ’

164 4019 207 4069 ius
231 4018 389 4083 patronatus
411 4019 478 4072 tale:
505 4019 630 4086 patricios
654 4017 791 4086 oportebat
816 4016 960 4069 clientibus
984 4016 1039 4069 suis
1062 4017 1103 4069 ins
1127 4016 1311 4085 interpretari,
1329 4016 1391 4070 lites

162 4117 210 4168 pro
229 4101 281 4163 eis,
306 4102 330 4153 si
352 4102 449 4154 iniuria
468 4103 650 4165 efficerentur,
673 4101 826 4164 intendere,
850 4100 993 4168 egentibus
1016 4101 1176 4164 subvenire;‘
1195 4101 1307 4154 clientes
1331 4117 1391 4154 vero

164 4185 307 4252 oportebat
324 4188 449 4253 patronos
467 4202 528 4239 suos
546 4187 635 4238 iuvare
654 4186 682 4237 in
700 4184 858 4238 collocandis
876 4184 997 4250 filiabus,
1020 4185 1044 4237 si
1065 4187 1191 4253 parentes
1209 4184 1301 4252 opibus
1320 4200 1391 4238 cere·

163 4272 234 4335 rent,
253 4269 287 4322 ab
305 4269 427 4323 hostibus
445 4269 574 4323 redimere
592 4270 615 4321 si
633 4269 684 4337 ipsi
702 4271 749 4322 aut
768 4268 846 4322 liberi
873 4268 945 4336 capti
963 4273 1060 4334 essent,
1086 4271 1114 4322 et
1133 4269 1221 4322 litium
1239 4268 1391 4335 temprive·

163 4358 254 4408 terum
268 4353 472 4425 aestimationes
491 4369 569 4422 quern
588 4353 754 4420 publicarum
772 4369 867 4421 poenes
886 4352 1059 4420 pecuniarias,
1078 4353 1101 4406 si
1116 4351 1283 4405 condemnati
1292 4355 1390 4415 essent,

164 4453 212 4505 pro
237 4438 276 4490 eis
299 4438 407 4491 solvere.
443 4438 588 4491 Commune
612 4439 703 4490 alitem
721 4438 841 4505 utrisque
859 4439 931 4502 erat,
948 4439 980 4490 ut
997 4453 1081 4505 neque
1100 4437 1140 4490 ies
1158 4450 1241 4504 neque
1259 4435 1301 4488 ius
1320 4441 1390 4490 esset

1151 4521 1186 4574 1*
