3346 5344
812 412 897 480 Leges
915 413 968 466 XIl
985 412 1146 466 tabularum.

452 605 478 666 l.
506 604 564 682 Qui
583 627 715 667 cononnn
734 625 816 666 ennio
835 626 896 666 ipsu
914 623 1072 665 encunrnvn
1094 623 1158 664 nius
1176 602 1371 665 vrnruursvn1
1400 621 1475 662 anuo
1506 622 1579 662 nuov-

366 711 521 771 urrunn1.2

450 808 497 874 8..
516 860 522 872 .
539 861 545 874 .
568 831 641 872 NEVE
655 831 754 872 AURUII
768 829 880 870 ADDITI).
896 829 941 870 CUI
954 828 1029 869 Auno
1043 828 1151 868 DEN'I'ES
1166 825 1261 868 IUNC'II
1275 826 1401 875 ESCUIU',
1421 827 1474 867 Asu
1487 827 1519 867 ΙΜ
1533 827 1578 866 Cb'll

367 935 429 976 ILLO
443 935 576 976 SEPELIET
590 934 709 982 URETVE,
723 933 755 972 Sl}
769 932 881 973 senuna
895 931 971 972 ESTO.
1318 915 1319 918 Ἴ

448 1013 476 1077 9.
491 1012 566 1081 Cic.
588 1013 638 1094 (cie
653 1013 709 1095 lep.
724 1018 756 1090 2,
774 1016 829 1090 24,
846 1011 915 1093 61)·
937 1029 1065 1092 rogum
1087 1011 1292 1075 bustumve
1321 1028 1461 1074 novum
1485 1014 1578 1072 vetat
1618 1027 1619 1062 r

365 1117 523 1196 propius
542 1113 599 1178 LX
618 1115 737 1194 pedes
756 1113 858 1177 adici
882 1114 997 1177 aedes
1017 1113 1165 1177 alienas
1187 1111 1317 1176 invito
1342 1111 1508 1176 domino.

448 1216 497 1282 10.
521 1217 583 1282 Cic.
607 1216 676 1297 (lep.
699 1221 737 1295 2,
768 1219 827 1290 24,
859 1215 923 1296 61)·
949 1213 1082 1291 forum,
1109 1215 1129 1278 i.
1153 1232 1180 1277 e.
1210 1213 1411 1277 vestibulum
1446 1213 1578 1294 sepulcri,

363 1320 569 1384 bustumve
591 1334 662 1380 usu
686 1317 771 1396 capi
791 1322 888 1381 vetat.

816 1549 821 1564 ·
852 1521 1023 1586 TABULA
1046 1521 1101 1584 XI.

451 1661 477 1724 1.
502 1659 565 1724 Cic.
584 1659 634 1741 (cle
651 1679 717 1739 rep.
735 1663 767 1736 2,
785 1661 836 1736 33,
854 1658 924 1740 37)·
946 1657 1155 1739 (Decemviri)
1174 1673 1245 1720 curn
1264 1653 1293 1717 ll
1312 1655 1450 1720 tabulas
1469 1673 1578 1718 sumna

318 1849 319 1852 Ἴ
363 1766 471 1845 legum
495 1761 661 1842 aequitate
684 1761 922 1840 prudentiaque
943 1759 1215 1838 conscripsissent,
1234 1756 1265 1820 in
1284 1775 1408 1820 annurn
1427 1761 1577 1836 posternn

363 1865 479 1928 Xviros
496 1864 575 1928 alios
594 1865 857 1944 subrogaverunt,
872 1861 978 1941 ——qui
995 1861 1121 1926 duabus
1140 1858 1260 1923 tabulis
1278 1858 1470 1938 iniquarum
1486 1859 1576 1938 legun

364 1967 494 2045 additis,
519 2001 558 2010 -
580 1966 736 2030 connubia
764 2001 797 2010 -
822 1970 859 2030 ut
877 1982 917 2028 ue
936 1962 1022 2044 plebi
1041 1957 1113 2026 curn
1131 1959 1280 2042 patribus
1299 1965 1422 2040 essent,
1447 1961 1578 2036 inhuma-

365 2069 496 2150 nissima
517 2069 588 2148 lege
611 2063 792 2132 sanxerunt.

448 2171 476 2235 2.
501 2173 599 2234 Maur.
622 2169 693 2251 (sut.
718 2175 745 2247 1,
765 2173 814 2232 13.
832 2172 901 2244 21)·
924 2167 1104 2230 Tuditanus
1126 2162 1236 2244 refert,
1258 2197 1299 2206 -
1323 2161 1460 2244 Xuiros,
1485 2163 1575 2244 quill

426 2375 450 2428 I.
469 2373 543 2426 Plan.
563 2373 597 2440 (n.
615 2373 641 2424 h.
659 2375 703 2436 21,
721 2375 746 2439 3,
764 2373 806 2436 7).·
832 2370 872 2423 ‘ad
890 2374 1029 2424 certamina
1046 2375 1076 2422 in
1094 2373 1190 2422 circum
1208 2385 1253 2433 per
1274 2369 1347 2418 ludos
1366 2377 1393 2419 et
1412 2372 1471 2436 ipsi
1491 2374 1575 2422 descen·

358 2457 457 2513 debant,
485 2463 509 2504 et
527 2469 611 2503 servos
629 2469 687 2502 suos
707 2467 831 2516 equosque
857 2451 999 2500 mittebant.
1036 2451 1096 2500 Inde
1123 2450 1171 2500 illa
1196 2447 1247 2497 XII
1269 2448 1320 2497 tab.
1347 2447 1403 2498 lex:
1434 2463 1484 2507 QUI
1502 2479 1533 2486 —
1547 2462 1574 2498 ur.

358 2531 440 2586 Quam
458 2531 525 2579 servi
543 2529 634 2592 equive
652 2528 812 2590 meruissent,
831 2520 957 2590 ‘pecunia’
974 2534 1075 2589 partam
1093 2526 1150 2589 lege
1168 2526 1230 2590 diui,
1247 2541 1319 2574 nemo
1345 2524 1498 2578 dubitavit’.
1532 2523 1573 2576 Cle.

358 2603 399 2667 (de
416 2603 464 2671 lep.
482 2607 509 2669 2,
526 2605 572 2668 24,
590 2601 649 2667 60)·
675 2601 732 2652 ‘llla
750 2604 803 2652 iarn
825 2602 985 2665 significatio
1003 2609 1049 2662 est,
1066 2601 1156 2650 laudis
1180 2607 1327 2650 ornamenta
1344 2601 1377 2649 ad
1396 2611 1514 2655 mortuos
1530 2619 1573 2667 per·

358 2685 449 2745 tinere,
476 2683 542 2746 quod
568 2695 715 2730 eoronam
736 2679 861 2729 virtute
885 2685 1007 2740 partam
1031 2686 1060 2727 et
1087 2677 1131 2740 ei,
1156 2679 1211 2742 qui
1234 2677 1434 2744 peperisset,
1465 2691 1494 2732 et
1516 2682 1575 2730 eius

348 2760 488 2823 parenti
508 2757 575 2805 sine
593 2755 705 2804 fraude
724 2770 791 2803 esse
807 2753 848 2802 lex
865 2753 1017 2816 impositam
1035 2747 1123 2802 iubet’.

426 2832 450 2883 8.
471 2829 524 2882 otc.
545 2827 587 2892 (de
604 2827 652 2895 lep.
670 2832 698 2893 2,
715 2830 760 2892 24,
778 2828 836 2878 60).’
855 2824 920 2883 ‘Qua
937 2830 966 2877 in
983 2829 1039 2893 lege
1059 2846 1117 2878 cum
1135 2837 1210 2878 esset:
1230 2823 1312 2877 ‘NEVE
1328 2854 1362 2863 -—
1374 2842 1496 2896 numne,
1514 2847 1575 2896 quani

359 2913 469 2960 humane
487 2911 584 2972 excipit
602 2910 682 2958 altera
698 2910 750 2958 lex:
771 2918 817 2956 col
835 2931 868 2940 -
885 2901 970 2954 Esro'.

425 2983 450 3036 9.
469 2985 509 3036 10.
530 2982 585 3036 Ca'c.
605 2982 648 3048 (de
665 2982 712 3050 leq.
730 2985 758 3048 2,
775 2983 819 3046 24,
837 2982 896 3042 Gli:
914 2979 994 3032 ‘Duae
1013 2992 1071 3032 sunt
1089 2990 1220 3046 praeterea
1236 2982 1306 3045 leges
1325 2981 1354 3030 de
1369 2987 1509 3049 sepulcris,
1526 2998 1573 3048 qua·

358 3081 414 3114 rum
432 3065 513 3113 altera
530 3063 689 3128 privaturum
707 3061 843 3122 aedificiis,
861 3060 941 3110 altera
962 3061 1030 3124 ipsis
1054 3059 1178 3123 sepulcris
1195 3067 1277 3119 cavet;
1300 3075 1360 3108 nam
1378 3063 1449 3125 qnod
1469 3060 1513 3112 ‘ro
1519 3075 1575 3126 gun

357 3165 391 3175 -
409 3135 555 3203 domino’,
573 3140 719 3189 incendium
738 3147 836 3190 veretur
856 3138 984 3197 acerbum
1004 3138 1069 3202 quod
1088 3145 1173 3187 autern
1192 3133 1302 3186 ‘forum
1319 3162 1352 3170 -
1370 3136 1486 3203 vetat'‚
1505 3149 1576 3190 tuetur

356 3216 398 3265 ius
416 3209 604 3280 sepulcrorum’.
640 3215 678 3264 cf.
697 3209 770 3263 Fert.
782 3215 895 3263 Forum.
914 3213 1031 3262 Bustum.

425 3291 473 3342 XI.
491 3291 515 3340 l.
537 3291 574 3342 uf.
593 3286 677 3341 Dion.
696 3291 748 3354 (10,
766 3289 825 3351 60):
843 3284 880 3342 ‘ol
900 3285 929 3342 ab
948 3288 1015 3356 περὶ
1034 3284 1085 3340 τὸν
1101 3281 1217 3342 Ἄππιον
1235 3284 1302 3350 τοὺς
1321 3287 1444 3353 λοιποὺς
1465 3285 1575 3359 συγγρά-

360 3380 468 3429 ψαντες
494 3365 600 3432 νόμους
627 3361 664 3442 ἑο
682 3364 794 3428 δέλτοις
817 3366 881 3419 δυσὶ
899 3365 948 3417 καὶ
976 3362 1082 3427 ταύτας
1109 3371 1173 3428 ταῖς
1198 3361 1343 3433 πρότερον
1370 3359 1575 3436 ἐξενεχθείοαις

359 3441 554 3512 προσέθηκαν,
581 3439 613 3497 ἐν
634 3443 679 3506 αἱς
707 3444 756 3496 καὶ
779 3438 862 3496 ὅδεὸ
885 3441 973 3508 νόμος
992 3439 1034 3510 ἦν,
1056 3445 1094 3510 μὴ
1119 3438 1225 3506 ἐξεῖναι
1243 3448 1307 3502 τοῖς
1325 3446 1495 3512 πατρικίοις
1514 3439 1575 3512 πρὸς
1618 3479 1619 3496 ι

357 3517 423 3582 τοὺς
446 3517 616 3587 δημοτικοὺς
636 3515 789 3587 ἐπιγαμίας
812 3515 956 3586 συνάψαί.
992 3517 1052 3570 Iso.
1071 3519 1105 3584 (4,
1122 3520 1163 3580 4)·
1181 3516 1245 3569 Ἦοο
1263 3519 1358 3582 ipsum,
1376 3538 1409 3570 ne
1429 3523 1573 3574 connubium

356 3599 472 3662 patribus
495 3616 553 3660 cum
576 3599 649 3663 plebe
672 3607 745 3662 esset,
768 3615 819 3646 non
836 3598 914 3648 Xviri
937 3597 1050 3647 tulerunt
1072 3597 1161 3662 paucis
1180 3597 1223 3647 his
1242 3599 1318 3647 annis
1336 3599 1452 3662 pessimo
1471 3596 1574 3660 exemplo

355 3675 460 3738 publico
478 3692 535 3724 cum
553 3691 653 3724 summa
670 3675 776 3724 iniuria
785 3668 893 3738 plebis’?
913 3668 974 3722 Gai.
993 3669 1010 3722 I.
1035 3668 1077 3721 VI
1086 3668 1124 3722 ad
1133 3669 1201 3722 XII
1215 3667 1260 3735 (D.
1279 3672 1323 3736 50,
1340 3674 1384 3737 16,
1401 3675 1484 3736 238).·
1502 3673 1574 3726 ‘Plebs

356 3762 393 3801 est
411 3753 489 3802 ceteri
507 3753 575 3801 cives
595 3753 650 3803 sine
670 3746 846 3802 senatoribus’.

425 3825 449 3876 2.
469 3829 504 3878 uf.
523 3824 587 3892 Lep.
607 3825 685 3878 Rom.
703 3827 727 3878 6.
746 3824 835 3878 Maec.
859 3823 885 3886 (I.
909 3839 930 3877 c.
952 3827 997 3886 12,
1018 3826 1077 3888 15)·
1104 3827 1218 3878 'alternis
1244 3828 1318 3878 annis
1345 3823 1388 3892 22,
1415 3830 1523 3880 alternis
1545 3820 1572 3874 23

358 3993 388 4040 ex
413 3976 447 4029 iis
473 3975 668 4030 constituerunt
693 3981 781 4044 legem
799 3977 843 4044 (8).
863 3975 1057 4030 Translocanda
1081 3978 1171 4030 antem
1193 3993 1249 4030 esse
1275 3975 1374 4044 primus
1401 3973 1572 4046 comprobavit

358 4061 525 4138 Scboeotano
542 4059 640 4126 (opusc.
658 4064 684 4126 3,
701 4065 772 4128 386),
791 4077 869 4130 quenr
887 4073 989 4116 secutus
1008 4064 1049 4114 est
1067 4060 1128 4114 Sela
1146 4064 1205 4128 155,
1223 4065 1246 4114 5.
1270 4061 1337 4114 Post
1354 4062 1444 4116 locum
1461 4067 1508 4116 6a.
1535 4074 1571 4128 po

357 4145 443 4199 nenda
462 4159 518 4198 esse
537 4147 626 4196 censet
644 4145 702 4198 Ηα.
722 4147 801 4212 (140),
819 4145 888 4214 quod
906 4162 958 4199 non
977 4145 1138 4214 probandum
1156 4145 1269 4199 videtur.

426 4231 451 4290 1)
469 4227 581 4296 Propter
599 4229 732 4296 syllabam
751 4233 797 4284 ‘ve'
823 4230 883 4285 Scit.
902 4233 953 4284 155
978 4233 1049 4284 reete
1078 4231 1182 4284 inserit:
1208 4230 1325 4284 ‘boam
1349 4230 1501 4285 virtutisve'
1527 4243 1569 4281 sec.

359 4314 429 4366 Fest.
444 4315 682 4380 Erga-‘statua
700 4314 812 4368 donatus
830 4319 872 4369 et
881 4317 985 4369 honoris
1003 4317 1145 4369 virtutisne
1164 4316 1241 4383 ergo'.
1254 4315 1320 4372 —2l
1338 4314 1414 4368 sa:
1434 4318 1485 4384 ‘teil
1502 4313 1570 4368 ardu-

359 4399 427 4451 uitor
445 4399 470 4455 ei
487 4398 655 4467 (pareatc'qcoe
672 4399 736 4462 αάε,
755 4415 782 4452 se
798 4400 897 4465 fraude
913 4401 1002 4466 estut.
1022 4400 1078 4454 Mo.
1098 4399 1225 4465 (Βοαρίας.
1243 4403 1268 4467 1,
1286 4403 1345 4466 343,
1364 4402 1405 4466 1);
1429 4402 1463 4454 ‘ei
1487 4396 1567 4468 [farai-

360 4481 442 4534 liaeoe
459 4483 528 4543 etue,
548 4489 598 4562 'aar
615 4482 640 4535 ei
656 4488 761 4536 mortuo
779 4483 850 4536 domi
867 4484 964 4550 fonsae
980 4485 1146 4553 imponetur,
1163 4499 1190 4538 ee
1206 4483 1305 4550 fraude
1322 4483 1405 4552 ento]⁸
