3328 5356
315 435 377 502 252
845 433 999 502 Scriptores.

315 607 516 672 Panionem
540 606 664 687 antiqui
687 606 847 684 dicebaut,
872 625 968 688 quam
990 625 1075 672 nunc
1094 606 1274 686 pactionem
1291 606 1436 686 dicimus,
1454 607 1535 672 unde

316 715 350 772 et
372 709 492 790 pacisci
513 709 620 772 adhuc
643 712 676 770 et
698 726 777 788 paco
799 708 832 772 iu
855 726 916 772 usu
938 713 1093 776 remanet.
1127 708 1174 772 F.
1197 711 1271 772 260.

315 811 525 874 Pararium
544 827 600 874 aes
620 809 848 889 appellabatur
870 810 911 884 id,
940 811 1025 891 quod
1049 810 1212 891 equitibus
1236 809 1355 890 duplex
1377 827 1435 890 pro
1457 808 1538 873 binis

316 913 408 993 equis
431 912 579 976 dabatur.
624 913 660 972 P.
681 915 759 975 221.
1229 965 1232 970 .

315 1014 465 1080 Parens
493 1013 592 1095 vulgo
623 1020 719 1094 pater
745 1019 803 1078 aut
825 1019 929 1078 mater
952 1013 1152 1094 appellatur,
1170 1013 1242 1078 ‘sed
1265 1013 1345 1076 iuris
1367 1013 1540 1094 prudentes
1639 1031 1640 1088 l

316 1134 392 1179 avos
424 1121 458 1180 et
488 1134 643 1196 proavos,
674 1117 764 1182 avias
794 1123 827 1180 et
854 1117 1005 1196 proavias
1032 1121 1205 1195 parentum
1233 1101 1540 1193 uomine'appellari

315 1217 435 1281 dicunt.
479 1219 517 1280 P.
539 1221 616 1282 221.
1251 1215 1253 1220 ’

315 1319 470 1398 Ferret,
494 1320 578 1399 quod
602 1320 705 1384 estin
730 1317 890 1398 formulis,
915 1318 1028 1384 debuit
1051 1323 1084 1382 et
1107 1319 1264 1398 producta
1287 1318 1394 1397 priore
1417 1315 1539 1397 syllaba

315 1421 533 1501 pronuntiari,
566 1426 599 1484 et
630 1439 692 1488 non
727 1422 853 1502 gemino
876 1441 893 1486 r
915 1419 1025 1498 scribi,
1054 1425 1092 1483 ut
1122 1419 1213 1484 fieret
1241 1417 1369 1500 ‘paret'
1402 1418 1489 1498 quod
1511 1423 1539 1482 et

317 1523 500 1586 inveniatur
522 1524 557 1586 tn
579 1528 753 1603 comparet,
776 1528 922 1603 apparet.
970 1521 1008 1587 F.
1029 1525 1105 1588 233.
1149 1522 1266 1585 Paret
1297 1519 1459 1602 signifieat
1488 1538 1541 1600 ap·

274 1707 278 1715 ,
316 1624 453 1704 parebit.
497 1627 533 1685 P.
548 1629 625 1690 221.

316 1725 547 1808 Parrici(dii)
570 1731 758 1807 quaestores
781 1725 1048 1807 appellabuntur,
1072 1727 1126 1807 qui
1150 1725 1297 1790 solebant
1320 1725 1427 1788 creari
1448 1741 1540 1786 causa

318 1844 425 1889 rerum
449 1827 639 1906 capitalium
667 1828 936 1908 quaerendarum.
981 1827 1062 1892 Nam
1090 1827 1256 1908 parricida
1286 1844 1350 1891 nun
1372 1825 1486 1906 utique
1507 1825 1540 1897 is,

194 1969 195 1972 =
320 1929 375 2010 qui
399 1934 565 2009 parentem
588 1930 774 2010 occidisset,
806 1929 988 2007 dicebatur,
1021 1930 1077 1994 sed
1105 1929 1362 2010 qualemcunque
1384 1927 1541 1992 hominem

318 2029 549 2097 indemnatum.
592 2030 645 2096 lta
675 2029 774 2096 luisse
805 2032 926 2096 indicat
957 2030 1155 2096 lex‘Nmnae
1178 2030 1329 2111 Pompilii
1361 2030 1450 2110 regis
1480 2027 1543 2110 (12)
1641 2020 1642 2072 l

318 2131 367 2196 his
390 2134 568 2214 composita
592 2134 711 2214 verbis}
735 2133 778 2198 ‘Si
802 2132 867 2213 qui’
890 2145 937 2194 eto.
987 2135 1025 2196 P.
1049 2137 1125 2198 221.

318 2228 463 2300 ‘Parum
487 2236 639 2300 cavisse
658 2234 802 2314 videri,’
821 2237 1012 2316 pronuntiat
1029 2237 1251 2317 magistratus,
1271 2253 1343 2299 cum
1361 2233 1402 2300 de
1422 2233 1542 2298 consilii

318 2338 480 2402 sententia
502 2338 619 2417 capitis
642 2355 737 2419 quem
761 2339 1031 2404 condemnaturus
1053 2343 1111 2402 est.
1155 2337 1192 2401 F.
1214 2340 1291 2400 238.

317 2439 437 2504 Pater
459 2441 660 2520 patrimus
683 2439 854 2504 dicebatur
876 2440 964 2520 apud
987 2441 1153 2519 antiquos,
1185 2438 1242 2519 qui
1274 2455 1345 2502 cumr
1377 2438 1444 2502 iam
1476 2438 1541 2518 ipse

318 2543 412 2621 pater
434 2547 529 2620 esset,
553 2542 696 2608 habebut
719 2541 818 2606 etiam
842 2547 912 2606 turn
934 2545 1071 2622 patrem.
1116 2539 1154 2604 F.
1176 2544 1252 2604 234.

317 2638 470 2727 [Patres
484 2639 714 2728 appodiantur,
737 2662 775 2708 ex
794 2644 910 2723 quibus
928 2649 1060 2708 senatus
1075 2639 1229 2725 [primam
1246 2643 1451 2723 conpositam
1472 2661 1540 2704 aum
1642 2632 1643 2668 r

317 2745 411 2808 initio
444 2742 546 2827 urbis]
578 2746 726 2810 conditae
756 2745 912 2810 Romulus
936 2743 960 2810 G
983 2741 1080 2829 [ciros
1110 2745 1199 2824 clepit
1224 2739 1540 2825 praestoma‘srimoa]
1642 2739 1643 2806 l

317 2855 453 2926 quorum
484 2845 616 2910 consilio
648 2851 747 2928 atque
778 2844 962 2933 [prudentia
991 2867 1042 2912 res
1066 2847 1197 2928 publicu
1227 2842 1541 2931 administraretur

317 2951 416 3027 atque
448 2943 488 3034 [r'a'
514 2953 625 3028 patrer
649 2949 733 3034 *dicte*
761 2955 850 3028 suat,
881 2945 970 3034 quta]
1002 2967 1153 3030 agrorum
1176 2953 1287 3029 partes
1310 2943 1541 3032 adtribuerent

317 3045 522 3134 tenuioribus]
550 3049 683 3130 perinde
711 3070 748 3116 ac
774 3051 894 3116 liberis.
940 3051 978 3114 F.
1005 3054 1080 3114 246.
1114 3049 1165 3130 (P.
1191 3054 1271 3114 247:
1302 3050 1350 3114 ‘ac
1378 3050 1406 3114 si
1433 3047 1540 3114 liberis

317 3151 489 3236 propriis')
1245 3201 1247 3206 .

316 3255 515 3320 Patricius
557 3254 686 3322 Cincius
705 3256 751 3321 ait
773 3256 806 3320 in
828 3255 910 3320 libro
934 3256 973 3320 de
997 3255 1134 3318 comitiis
1165 3271 1219 3318 eos
1242 3251 1402 3332 appellari
1421 3252 1538 3327 solitos

317 3357 372 3437 qui
394 3375 478 3420 nunc
500 3357 630 3439 ingenui
653 3363 816 3422 vocentur.
862 3357 898 3421 F.
921 3361 996 3421 241.

317 3457 525 3524 Patricius
543 3457 633 3523 vicus
652 3459 771 3524 Romae
790 3459 896 3524 dictus
915 3478 962 3538 eo,
985 3458 1129 3540 quodibi
1151 3457 1282 3538 patricii
1305 3455 1538 3530 habitaverunt,

316 3561 446 3624 iubente
469 3559 579 3626 Servio
602 3561 722 3641 Tullio,
746 3569 795 3639 ut,
820 3563 847 3626 si
870 3561 947 3642 quid
969 3560 1160 3624 molirentur
1181 3559 1336 3624 adversus
1359 3558 1481 3638 ipsum,
1503 3573 1538 3620 ex

316 3662 394 3726 locis
417 3663 638 3742 superioribus
661 3664 929 3744 opprimerentur.
972 3665 1010 3726 P.
1032 3666 1110 3726 221.

316 3763 487 3832 Patrimi
510 3771 544 3829 et
565 3766 708 3830 matrimi
731 3766 823 3845 pueri
850 3765 1047 3846 praetextati
1071 3769 1137 3828 tres
1164 3762 1340 3826 nubentem
1368 3761 1536 3825 deducunt.

314 3871 399 3931 unus
423 3868 478 3949 qui
500 3866 601 3931 facem
624 3865 768 3950 praefert
791 3886 829 3930 ex
848 3867 942 3947 spina
961 3866 1043 3945 alba,
1068 3865 1144 3947 quia
1161 3868 1260 3929 noctu
1277 3863 1455 3942 nubebant,
1478 3861 1536 3925 duo

317 3970 371 4049 qui
394 3974 507 4034 tenent
529 3971 713 4034 nubentem.
760 3967 796 4033 F.
820 3972 894 4034 245.

316 4070 551 4137 Patrociniu
574 4072 731 4152 appellari
754 4076 868 4152 coepta
889 4075 974 4148 sunt,
995 4089 1067 4136 cum
1085 4068 1178 4150 plebs
1196 4069 1373 4135 distributa
1392 4071 1442 4132 est
1456 4066 1536 4130 inter·

316 4180 435 4252 patres,
458 4179 496 4238 ut
520 4192 627 4238 eorum
650 4175 765 4255 opibus
783 4179 856 4238 tuta
878 4178 973 4237 esset.
1018 4171 1056 4235 F.
1078 4173 1155 4235 233.
1200 4171 1251 4252 (Ρ.
1274 4170 1366 4252 232.)

317 4271 515 4360 Patr[ouas
540 4282 671 4354 epatre
695 4296 752 4339 ectr
777 4276 980 4357 abantiquis
1005 4271 1121 4360 dictus]
1141 4274 1192 4352 sit,
1216 4271 1439 4337 manifestum:
1463 4268 1535 4350 quia

317 4371 365 4460 [at
380 4377 478 4456 liberi,
496 4378 643 4442 siceticrn
659 4373 796 4464 clientes]
807 4377 970 4442 numerari
979 4377 1065 4442 inter
1077 4371 1202 4462 do[rnas
1217 4373 1376 4451 surrectione
1391 4371 1535 4454 quodant-

316 4477 403 4540 raodo
422 4475 578 4564 possunt]
623 4479 659 4543 F.
681 4481 755 4562 253.Ι
876 4473 877 4478 ’
