3328 5356
308 411 373 476 292
842 404 995 472 Scriptores.

309 580 377 660 fiat,
410 579 582 645 aestimare
613 578 646 642 in
677 576 792 641 cellam
825 576 987 656 praetoris
1019 572 1236 655 frumentum3
1278 577 1442 657 mancipes
1476 597 1539 658 pro

310 682 470 748 frumento
493 680 535 746 ab
558 679 741 744 aratoribus
767 677 922 759 pecunias
945 677 1092 756 accipere
1116 696 1178 742 non
1201 677 1285 742 licet.
1329 677 1406 760 (113)

395 782 480 866 534.
511 781 610 848 Certa
628 785 721 860 sunt,
745 781 777 844 in
798 776 915 860 quibus
934 779 1113 860 impunitas
1135 779 1234 844 indici
1257 779 1361 859 datur,
1384 781 1418 844 in
1437 799 1540 845 eausa

310 885 514 967 proditionis,
546 883 746 960 maiestate,
780 887 812 946 et
845 881 873 945 si
904 881 980 962 quid
1011 880 1196 946 huiusmodi
1219 887 1276 946 661.
1299 917 1341 927 -·
1363 881 1464 946 Index
1488 889 1540 947 661

310 993 435 1066 autem,
459 987 513 1068 qui
536 984 708 1064 facinoris,
733 984 824 1048 cuius
848 983 916 1064 ipse
940 986 989 1047 est
1012 984 1132 1063 sucina,
1159 983 1301 1048 latebras
1320 984 1444 1049 indicat
1478 984 1540 1047 im-

309 1088 459 1169 punitate
483 1087 660 1169 propcsita.
706 1085 783 1168 (111)

394 1189 411 1272 ξ
443 1187 494 1252 48.
520 1223 559 1234 -
591 1189 731 1253 alienum
763 1194 796 1252 et
823 1186 958 1252 alterius
990 1187 1114 1266 iudicii,
1149 1192 1183 1250 et
1213 1205 1276 1251 non
1303 1205 1341 1250 cx
1373 1188 1540 1252 auditorio

309 1292 468 1374 praetoris
496 1291 719 1371 maiorumque
742 1307 924 1368 causarum,
948 1289 1005 1354 sed
1027 1308 1047 1354 a
1071 1287 1240 1368 subselliis,
1259 1287 1290 1352 h.
1308 1307 1336 1354 6.
1355 1307 1419 1354 non
1441 1291 1541 1354 atri-

307 1393 498 1471 bunalibus;
517 1396 594 1458 sunt
609 1392 694 1456 enim
705 1389 856 1455 subsellia
874 1391 1085 1470 tribunorum,
1105 1389 1307 1470 Illvirorum,
1329 1395 1540 1472 quaestorum

310 1502 343 1560 61
360 1493 581 1559 huiuscemodi
599 1493 725 1557 minora
739 1493 860 1557 iudicia
879 1492 1108 1572 exercentium,
1128 1493 1183 1573 qui
1201 1509 1264 1556 non
1282 1493 1315 1557 in
1335 1493 1423 1557 sellis
1443 1511 1541 1567 curu-

308 1597 394 1661 libus
417 1613 475 1660 nec
498 1593 726 1674 tribunalibus
750 1593 861 1658 sedin
885 1592 1046 1658 subselliis
1069 1593 1289 1659 considebant.
1334 1594 1413 1676 (116)

396 1693 487 1777 §bo
510 1695 658 1760 Maenius
681 1713 752 1759 cum
776 1695 905 1760 domum
933 1713 1023 1776 suam
1051 1695 1203 1764 venderet
1227 1695 1344 1760 Catoni
1368 1703 1400 1760 et
1423 1695 1540 1761 Flacco

310 1798 509 1888 censoribus,
532 1803 569 1862 nt
592 1797 636 1862 ibi
659 1797 795 1864 basilica
818 1795 1059 1876 aedificaretur,
1086 1802 1260 1877 exceperat
1281 1799 1332 1862 ins
1356 1799 1418 1862 sibi
1442 1799 1539 1862 unius

309 1903 490 1980 columnae,
519 1917 617 1980 super
645 1918 740 1980 quam
766 1903 890 1964 tectum
913 1897 1086 1978 proiiceret
1114 1916 1153 1962 ex
1172 1899 1420 1978 provolantibus
1444 1899 1539 1964 tabu-

308 2003 403 2082 latis,
436 2002 522 2066 unde
554 2001 624 2082 ipse
663 2005 697 2066 et
727 1999 850 2082 posteri
882 1999 950 2064 eius
981 2004 1130 2080 spectare
1161 2018 1278 2066 munus
1319 2001 1537 2082 gladiatorum

309 2108 449 2185 possent,
472 2104 557 2186 quod
580 2104 678 2168 etiarn
701 2108 771 2166 tum
794 2102 827 2166 in
851 2095 919 2166 loro
942 2102 1089 2167 dabatur.
1134 2101 1214 2185 (120)

577 2311 616 2368 F.
661 2309 910 2366 Ps.·Aeconius
928 2309 968 2366 in
982 2311 1168 2368 Verrinam
1185 2313 1230 2378 11,
1248 2315 1275 2391 1.

393 2424 483 2508 526.
517 2424 896 2505 Comperendinatio
927 2430 977 2490 est
1007 2426 1048 2490 ab
1077 2426 1224 2506 utrisque
1246 2426 1470 2507 litigatoribus
1494 2427 1538 2490 in·

310 2529 412 2594 vicem
435 2527 497 2592 sibi
520 2526 726 2592 denuntiatio
749 2525 782 2588 in
806 2526 1018 2606 perendinum
1040 2526 1134 2591 diem.
1157 2525 1304 2608 Namque
1327 2545 1400 2592 cum
1418 2528 1453 2592 in
1471 2545 1538 2592 rem

309 2630 451 2710 aliquam
475 2633 610 2710 agerent
632 2627 815 2707 litigatores
839 2633 872 2692 et
891 2646 995 2708 poena
1014 2645 1047 2692 66
1066 2629 1263 2694 sacramenti
1283 2635 1443 2709 peterent,
1464 2647 1536 2710 pos-

309 2730 437 2810 cebant¹
457 2729 611 2806 iudicem,
646 2728 701 2808 qui
733 2729 875 2792 dabatur
905 2735 979 2809 post
1009 2730 1212 2810 trigesimum
1240 2731 1340 2795 diem:
1375 2750 1439 2812 quo
1463 2732 1537 2796 dato

309 2831 425 2895 deinde
454 2830 540 2895 inter
568 2847 602 2892 66
630 2830 912 2908 comperendinum
941 2831 1039 2910 diem,
1063 2836 1101 2894 ut
1131 2836 1166 2894 at
1195 2832 1349 2898 iudicium
1380 2834 1537 2912 uenirent,

308 2930 554 2997 denuntiabant.
599 2927 668 3005 Quo
692 2947 763 2994 cum
788 2934 873 2996 esset
896 2938 1037 3012 ventum,
1062 2938 1236 3014 antequam
1255 2953 1353 3000 causa
1372 2941 1537 3017 ageretur,

308 3033 402 3114 quasi
420 3049 477 3112 per
495 3031 633 3097 indicem
649 3049 717 3096 rem
735 3031 949 3112 exponebant:
973 3035 1059 3114 quod
1076 3035 1182 3114 ipsum
1206 3035 1377 3102 dicebatur
1396 3056 1535 3118 causae

309 3133 523 3212 conlectio,
547 3133 639 3214 quasi
663 3152 781 3198 causae
804 3152 879 3198 suae
902 3135 935 3198 in
958 3134 1054 3200 breve
1078 3137 1226 3200 6616116.1
1270 3137 1348 3221 (161)

394 3236 411 3316 ξ
429 3233 480 3298 52.
497 3233 714 3302 Sectorema
725 3235 803 3300 dicit
814 3237 1056 3301 aestimatorem
1065 3238 1368 3322 redemptoremque
1378 3243 1534 3308 bonorum

309 3336 454 3402 damnati
477 3340 574 3415 atque
589 3337 772 3416 proscripti,
796 3338 851 3418 qui
874 3356 963 3418 spem
982 3343 1111 3402 sectans
1129 3339 1211 3404 lucri
1230 3343 1290 3423 sui,
1314 3343 1334 3406 1.
1359 3363 1385 3410 6.
1404 3351 1534 3410 6661116

308 3457 398 3520 spem
420 3437 655 3502 aestimationis
685 3456 777 3518 suae,
801 3438 888 3504 bona
914 3440 1021 3504 omnia
1045 3441 1193 3506 auctione
1217 3444 1353 3524 vendit²,
1379 3453 1411 3510 61
1434 3446 1530 3512 semel

308 3537 407 3604 infert
427 3539 600 3619 pecuniam
623 3537 673 3602 vel
697 3541 822 3604 aerario
846 3541 896 3606 vel
919 3542 1022 3606 sociis.
1070 3541 1149 3624 (172)

394 3637 484 3721 §bd
509 3638 718 3720 Morisafuit
748 3660 1010 3724 unumquemque
1037 3647 1247 3714 domesticam
1279 3650 1440 3714 rationem
1471 3651 1530 3714 sibi

275 3750 277 3754 ’
308 3743 411 3808 161116
433 3742 519 3805 vitae
543 3761 622 3806 suae
645 3761 702 3822 per
725 3743 794 3810 dies
817 3746 962 3826 singulos
986 3749 1135 3830 scribere,
1160 3769 1222 3832 quo
1246 3757 1431 3834 appareret,
1456 3752 1530 3833 quid

308 3845 448 3926 quisque
463 3844 503 3908 de
518 3844 676 3908 reditibus
693 3846 768 3925 sule,
793 3847 869 3928 quid
889 3849 927 3912 de
947 3863 1025 3930 arte,
1049 3850 1157 3916 fenore
1176 3852 1305 3918 lucrove
1325 3855 1528 3935 seposuisset,

308 3951 423 4027 etque
443 3945 513 4025 die,
538 3945 665 4024 etquid
684 3947 762 4011 item
781 3953 928 4028 sumptus
948 3951 1097 4016 damnive
1117 3952 1253 4019 lecisset.
1277 3953 1339 4020 Sed
1360 3962 1526 4036 postquam

308 4046 516 4128 obsignandis
534 4047 654 4112 litteris
677 4067 804 4116 reorum
823 4069 861 4115 ex
880 4052 946 4116 suis
966 4053 1101 4134 quisque
1117 4055 1401 4137 tabulis-damnari
1417 4057 1525 4137 coepit,

308 4149 349 4213 ad
371 4154 514 4214 nostram
537 4150 721 4216 memoriam
744 4155 814 4215 tota
838 4153 917 4216 haec
941 4158 1033 4218 vetus
1057 4157 1252 4221 consuetudo
1276 4162 1423 4225 cessavit.
1454 4161 1523 4243 (175)

392 4248 483 4330 §dt
508 4249 769 4316 Sectoresadicti
802 4258 893 4332 sunt,
927 4255 982 4335 qni
1015 4273 1103 4335 spem
1135 4257 1216 4322 lucri
1243 4261 1293 4324 sui
1321 4266 1423 4328 secuti
1447 4265 1521 4328 bona

309 4387 510 4398 -—-—...

376 4453 400 4518 1)
420 4452 461 4506 Of,
482 4452 686 4520 661611-
706 4453 733 4521 2)
752 4453 920 4520 corruptum.
939 4455 1075 4512 Fortasse:
1097 4460 1226 4516 ‘auctione
1245 4461 1382 4532 redempta
1400 4466 1503 4520 rendit'.
