3328 5356
674 457 801 512 Isidorus.
1290 459 1351 523 301

213 630 243 712 2,
266 629 295 695 2.
319 630 391 696 Fas
422 631 473 694 lex
507 629 626 702 divina,
659 629 718 694 ius
751 629 802 694 lex
834 629 976 694 humana
1008 617 1066 692 est.
1110 627 1263 694 Transire
1295 648 1354 711 per
1469 609 1471 613 ¹

125 735 269 800 alienum
290 732 340 799 fas
361 736 421 811 est,
444 733 495 796 ius
513 749 575 796 non
599 735 658 796 est.
751 781 755 790 .
1213 785 1215 790 .

214 832 244 916 3,
267 833 296 900 2.
318 833 393 898 Lex
416 837 466 898 est
490 833 680 897 constitutio
701 824 833 913 'scripta
862 833 941 898 Mos
965 837 1013 896 est
1036 837 1201 897 vetustate
1217 833 1352 913 probata

126 937 338 1016 consuetudo,
362 936 430 1000 sive
452 935 504 998 lex
527 951 589 998 uon
613 933 744 1015 scripta.
773 930 802 997 3.
822 933 893 998 Mos
910 938 1020 998 autem
1038 933 1133 1016 longa
1155 936 1354 1001 consuetudo

127 1046 179 1105 θεῖ
211 1039 251 1103 (ῖθ
281 1035 425 1102 moribus
447 1040 556 1100 tracta
579 1035 780 1111 tantundem.
820 1033 1072 1100 Consuetudo
1100 1040 1209 1100 autem
1233 1038 1354 1101 estius

125 1139 289 1222 quoddam
307 1138 449 1203 moribus
467 1137 665 1216 institutum,
682 1137 769 1218 quod
786 1155 844 1224 pro
860 1137 932 1220 lege
950 1137 1135 1218 suscipitur,
1155 1155 1228 1202 cum
1247 1136 1355 1202 deficit

123 1243 192 1319 lex3
216 1257 275 1305 nec
301 1237 416 1319 differt,
440 1239 601 1319 scriptura
623 1257 669 1302 an
692 1238 817 1303 ratione
844 1240 1010 1318 consistat,
1035 1239 1164 1320 quando
1191 1244 1225 1302 et
1251 1239 1354 1319 legem

124 1343 213 1408 ratio
232 1342 443 1408 commendet.

215 1441 266 1523 24,
289 1441 320 1507 5.
343 1441 634 1507 Testamentum
663 1442 742 1506 iuris
770 1442 872 1507 civilis
899 1448 950 1507 est
973 1443 999 1507 V
1032 1443 1166 1508 testium
1192 1443 1355 1523 signatum

126 1545 238 1627 signis,
271 1543 507 1624 subscriptione
538 1541 711 1607 firmatum.
757 1541 785 1608 6.
809 1543 896 1608 Τθεῖ.
928 1544 1008 1608 iuris
1039 1544 1195 1625 praetorii
1222 1549 1273 1608 est
1295 1544 1355 1607 l'll

129 1647 264 1712 testium
284 1646 386 1727 signis
405 1646 584 1726 signatum3
607 1645 664 1709 sed
680 1645 761 1709 illud
780 1645 868 1726 apud
883 1645 969 1710 cives
986 1644 1032 1723 iit,
1057 1646 1131 1711 inde
1144 1644 1245 1725 civile,
1268 1645 1356 1710 istud

129 1749 218 1830 apud
241 1753 438 1829 praestores,
461 1747 537 1811 inde
560 1745 641 1810 iuris
659 1745 824 1827 praetorii.
850 1744 899 1808 14.
919 1745 1154 1827 Οοᾱῖθθῖῖιιε,
1178 1753 1215 1812 ut
1231 1751 1356 1811 veteres

125 1851 228 1928 aiunt,
262 1848 331 1912 sine
364 1848 463 1913 dubio
494 1848 535 1912 ab
567 1853 701 1912 auctore
733 1847 853 1927 dictus,
886 1848 941 1928 qui
968 1837 1028 1913 hoc
1051 1849 1232 1930 scripturae
1256 1866 1356 1930 genus

127 1951 282 2016 instituit.
333 1947 394 2014 Est
425 1953 535 2013 autem
567 1949 730 2030 scriptura
761 1949 851 2014 nulla
883 1949 1031 2030 indigens
1062 1951 1254 2015 solennitate
1286 1967 1356 2014 ver·

124 2054 252 2131 borum,
276 2051 332 2116 sed
361 2051 430 2115 sola
452 2051 619 2116 testatoris
641 2049 810 2116 voluntate
833 2051 1048 2131 qualicunque
1078 2052 1259 2132 scripturae
1283 2069 1356 2132 pro·

97 2154 335 2230 =nuntiatione
368 2169 533 2233 expressa;
565 2152 657 2218 cuius
688 2151 842 2217 beneficio
873 2152 1097 2218 voluntatibus
1132 2152 1356 2218 defunctorum

126 2259 258 2320 constat
280 2272 349 2319 esse
373 2253 568 2318 subventum
591 2259 725 2336 papea
747 2254 902 2336 legalium
925 2255 1097 2320 verborum
1120 2253 1354 2332 difficultatem,

127 2362 189 2421 aut
216 2360 303 2420 certe
330 2361 464 2437 propter
491 2357 717 2421 necessitatem
749 2353 1003 2422 adhibendorum
1030 2357 1219 2434 solennium,
1242 2355 1288 2419 ita
1320 2362 1356 2418 ut

128 2457 186 2537 qui
219 2455 390 2537 scriberet,
429 2463 462 2522 et
493 2458 626 2522 titulum
654 2459 796 2524 ciusdem
828 2459 1009 2538 scripturae
1036 2458 1224 2523 codicellum
1254 2462 1355 2520 uocet.

131 2555 182 2621 lb.
207 2555 337 2624 Cretio
360 2564 410 2624 θεῖ
432 2565 542 2625 certus
565 2561 689 2625 dierum
713 2578 880 2639 numerus,
915 2560 948 2624 in
981 2577 1044 2641 quo
1070 2560 1240 2624 institutus
1262 2558 1355 2622 heres

126 2664 187 2724 aut
210 2661 280 2725 adit
304 2661 527 2739 hereditatem,
552 2667 610 2726 aut
632 2660 723 2725 finito
747 2667 891 2742 tempore
915 2662 1067 2727 cretionis
1086 2661 1273 2739 secluditur,
1297 2677 1356 2724 nec

125 2762 268 2826 liberum
298 2769 348 2826 θεῖ
379 2763 427 2828 illi
457 2763 543 2828 ultra
578 2764 754 2844 capiendae
793 2763 993 2830 hereditatis.
1049 2761 1100 2827 20.
1132 2763 1356 2828 Mandatum

127 2862 263 2939 dictum,
288 2864 373 2942 quod
396 2865 471 2928 olim
489 2865 522 2928 iu
541 2866 709 2929 commisso
728 2865 858 2945 negotio
878 2865 1074 2929 alteralteri
1092 2882 1223 2929 manum
1242 2864 1353 2928 dabat.

127 2959 182 3024 25.
215 2961 396 3037 Donatio,
429 2965 601 3029 cuiuslibet
634 2966 681 3029 rei
712 2965 907 3041 transacti03
930 3001 974 3010 —
996 2967 1247 3047 dicuntaquasi
1280 2965 1354 3028 doni

126 3062 299 3141 actionem,
323 3066 356 3125 et
378 3063 485 3126 dotem
509 3067 603 3144 quasi
626 3067 677 3129 ‘do
700 3063 797 3129 item?
836 3065 1052 3130 Praecedente
1071 3067 1155 3132 enim
1178 3068 1210 3130 in
1234 3066 1356 3144 nuptiis

126 3165 313 3241 donatione,
337 3163 395 3227 dos
413 3164 567 3244 sequitur.
594 3163 645 3228 26.
665 3165 748 3230 Nam
768 3166 922 3246 antiquus
936 3167 1159 3247 nuptiarum
1175 3172 1246 3231 erat
1264 3167 1355 3246 ritus,

126 3287 194 3350 quo
211 3283 246 3332 se
260 3264 398 3329 maritus
413 3271 447 3330 et
462 3284 542 3329 uxor
558 3267 694 3331 invicem
712 3267 873 3345 emebant,
893 3284 932 3331 ne
950 3267 1117 3331 videretur
1132 3287 1213 3333 uxor
1228 3267 1353 3345 ancilla,

78 3435 82 3443 ,
125 3372 214 3436 sicut
241 3367 398 3432 habemus
424 3368 457 3431 in
485 3368 561 3433 iure.
609 3369 700 3434 Unde
728 3373 794 3446 est,
826 3368 913 3448 quod
936 3369 1150 3448 praecedente
1183 3370 1354 3434 donatione

82 3527 84 3532 ,
124 3473 188 3538 viri
212 3470 359 3552 sequitur
381 3471 438 3536 dos
461 3471 579 3534 uxoris.
624 3468 674 3534 27.
699 3471 840 3536 Donatio
859 3467 1103 3534 usufructuaria
1127 3472 1200 3535 ideo
1224 3470 1354 3551 dicitur,

124 3573 215 3657 quod
248 3572 400 3637 donator.
414 3592 454 3637 ex
484 3591 522 3636 ea
545 3570 709 3638 fructuum
733 3591 827 3637 usum
846 3571 951 3636 adbuc
973 3571 1108 3649 retinet,
1140 3577 1278 3650 servato,
1303 3573 1354 3658 cui

124 3678 283 3742 donatum
306 3679 366 3754 est,
390 3675 468 3741 iure.
504 3673 554 3738 28.
578 3676 721 3740 Donatio
746 3671 966 3766 directaideo
988 3678 1203 3754 nuncupatur,
1227 3673 1303 3754 quia
1323 3679 1355 3737 et

123 3781 197 3843 iure
221 3780 254 3840 et
277 3794 338 3841 usu
361 3778 473 3842 statim
497 3777 672 3842 transitio
696 3777 851 3853 alterum,
880 3791 939 3837 nec
960 3774 1047 3838 ultra
1069 3773 1144 3844 iude
1168 3774 1290 3854 aliquid
1314 3775 1353 3838 ad

122 3883 176 3945 ius
207 3878 374 3943 donatoris
406 3883 623 3959 retorquetur.
675 3875 725 3942 30.
758 3874 981 3957 stipulatio
1017 3883 1067 3940 est
1102 3876 1271 3957 promissio
1303 3876 1353 3939 vel
1431 3915 1432 3918 =

122 3979 267 4064 sponsio,
290 3979 376 4044 unde
398 3986 431 4044 et
453 3981 664 4060 stipulatores
686 3979 896 4060 promissores
915 3982 1089 4055 vocantur3
1113 3977 1201 4041 dicta
1223 3981 1353 4041 autema

121 4102 141 4147 a
162 4080 297 4161 stipula:
316 4084 442 4145 veteres
461 4081 555 4160 enirn,
573 4081 700 4163 quando
717 4079 778 4145 sibi
797 4077 919 4158 aliquid
938 4077 1182 4158 promittebant,
1198 4076 1352 4156 stipulam

121 4189 274 4249 tenentes
297 4179 502 4263 frangebant,
526 4199 623 4262 quam
646 4184 765 4248 iterum
789 4181 961 4258 iungentes
991 4179 1178 4260 sponsiones
1201 4195 1277 4242 suas
1298 4196 1353 4258 ag-

120 4284 330 4350 noscebant.l
374 4279 424 4345 31.
449 4282 744 4349 Sacramentum
764 4286 817 4376 est
840 4279 958 4360 pignus
981 4280 1169 4360 sponsionis.

124 4385 329 4396 ...ψ-..ἡ-

195 4418 221 4481 1)
240 4415 383 4483 Perperam
408 4415 471 4471 Otto
496 4433 510 4471 θ
535 4415 591 4472 cod.
613 4416 725 4485 Guelph.
752 4412 842 4468 addit:
870 4411 932 4465 ‘sire
959 4413 1028 4480 quod
1055 4413 1181 4480 rtipulam
1208 4412 1353 4468 secundum

119 4502 239 4556 Paulum
257 4499 402 4555 iuridicum
420 4506 493 4570 (scat.
511 4503 536 4564 5,
555 4504 580 4565 7,
599 4504 625 4568 1)
642 4501 747 4555 firmum
766 4497 965 4552 sacramentum
983 4498 1202 4566 appellauerunt.
