3346 5344
345 471 408 538 100
828 467 884 523 Lex
900 465 972 522 lulis
989 467 1022 522 de
1040 469 1074 523 vi.

343 711 346 718 ,
432 641 495 721 qui
517 641 602 708 'cives
619 639 757 708 Romani
779 643 865 720 sunt,
887 639 943 722 qui
966 594 1076 706 eorum
1098 643 1172 722 post
1193 639 1279 707 hanc
1300 643 1406 724 legem
1424 645 1566 725 rogatam

346 747 578 812 testamentum
605 741 710 808 tacere
737 741 838 822 volet,
865 743 903 805 ut
933 755 1004 805 earn
1026 741 1195 824 pecuniam
1218 759 1341 824 easque
1363 760 1416 807 res
1439 743 1567 825 quibus-

346 863 410 929 que
431 847 510 912 dare
530 845 640 928 legare
661 844 759 925 volet,
781 843 832 908 ius
850 846 1061 925 potestasque
1079 847 1159 924 esto,
1182 847 1221 908 ut
1238 841 1299 908 hac
1317 843 1389 927 lege
1408 845 1568 928 sequentil

344 947 598 1131 llcebd‘tdecundo
620 1048 727 1130 capite
748 1047 880 1113 modurn
901 1045 1084 1129 legatomm
1105 1045 1277 1130 constituit
1298 1046 1350 1112 his
1371 1047 1520 1132 verbis’:)

429 1149 631 1232 Quicumque
657 1149 736 1214 civis
761 1147 925 1214 Romanus
952 1152 1026 1231 post
1054 1147 1138 1212 hano
1162 1145 1268 1230 legem
1295 1153 1448 1232 rogatam
1475 1153 1567 1216 testa-

345 1257 489 1319 mentum
518 1251 634 1331 faciet,
664 1250 693 1316 is
722 1254 876 1333 quantam
908 1251 1024 1333 cuique
1055 1251 1118 1316 civi
1139 1250 1284 1316 Romano
1310 1251 1485 1334 pecuniam
1507 1253 1567 1316 iure

344 1352 475 1439 publico
506 1354 586 1420 dare
614 1353 724 1435 legare
745 1352 846 1434 volet,
876 1352 928 1418 ius
954 1356 1165 1435 potestasque
1193 1357 1276 1434 esto,
1307 1353 1385 1418 dum
1408 1353 1459 1418 ita
1481 1353 1568 1418 detur

345 1453 524 1540 legatum,²
549 1472 591 1520 ne
617 1455 723 1520 minus
750 1471 846 1537 quam
869 1457 998 1536 partem
1021 1458 1173 1537 quartam
1194 1453 1390 1520 hereditatis
1413 1459 1568 1522 eotesta-

345 1561 455 1623 mento
476 1556 613 1622 heredes
635 1557 776 1638 capiant,
797 1554 942 1639 (itaquis)8
963 1556 1019 1638 eis,
1042 1555 1160 1638 quibus
1183 1557 1262 1638 quid
1283 1556 1331 1622 ita
1354 1557 1567 1640 datumtega-

346 1665 456 1725 tumve
483 1659 560 1741 erit,
593 1677 665 1724 eam
691 1657 861 1741 pecuniam
887 1658 956 1724 sine
982 1655 1100 1724 {tande
1129 1675 1189 1724 sua
1217 1677 1332 1741 capere
1359 1657 1461 1729 liceto
1487 1660 1567 1742 isque

346 1761 452 1842 heres
482 1760 538 1844 qui
560 1777 631 1827 earn
653 1760 821 1842 pecuniam
845 1759 923 1826 dare
943 1757 1070 1825 iussus¹
1092 1759 1264 1826 damnatus
1287 1759 1360 1843 erit,
1385 1778 1462 1828 earn
1486 1779 1568 1845 pecu-

348 1862 432 1928 niam
456 1862 573 1930 debeto
596 1862 683 1944 dare,
707 1879 803 1945 quam
823 1860 938 1945 (darer
959 1861 1134 1928 damnatus
1156 1866 1215 1930 est.
1267 1852 1271 1860 ’

550 2047 582 2115 4.
621 2047 696 2116 Lex
717 2049 823 2116 Iulia
845 2049 886 2116 de
907 2049 945 2116 vi
966 2048 1127 2132 publica
1148 2054 1187 2116 et
1208 2051 1370 2132 privata.
1456 2038 1458 2042 ’

434 2180 525 2269 (Uip.
547 2184 568 2250 l.
595 2171 712 2251 VIHI
726 2185 764 2251 de
784 2183 835 2266 off.
852 2204 997 2270 procons.
1019 2186 1075 2252 sub
1107 2174 1157 2252 tit.
1179 2185 1223 2252 od
1243 2185 1263 2252 l.
1287 2185 1350 2252 Iul.
1375 2187 1418 2254 de
1442 2190 1479 2254 oi
1498 2189 1567 2274 pot.

348 2292 378 2353 et
388 2287 507 2372 prius:
524 2285 658 2352 ‘Eadem
675 2287 748 2370 lege
765 2287 961 2370 quibusdam
983 2285 1203 2354 testimonium
1221 2287 1360 2370 omnino,
1379 2289 1567 2372 quibusdan

347 2387 555 2455 interdicitur
576 2387 695 2466 invitis,
718 2405 744 2454 c.
762 2387 947 2455 LXXXVII
964 2392 998 2454 et
1016 2407 1042 2455 o.
1060 2386 1276 2471 LXXXVIII3
1298 2387 1332 2484 in
1349 2389 1415 2457 hoc
1434 2409 1514 2458 vero
1531 2392 1568 2456 his

332 2483 518 2572 'verbis'⁵:)
1218 2573 1223 2580 ἡ

433 2589 493 2656 His
523 2589 706 2658 hominibus
736 2591 799 2659 hac
828 2592 900 2677 lege
937 2594 972 2660 in
1005 2576 1099 2660 'reum
1134 2595 1354 2662 testimonium
1390 2596 1506 2664 dicere
1537 2615 1568 2662 ne

348 2691 458 2758 liceto:
480 2691 537 2774 qui
559 2710 594 2758 se
617 2693 659 2758 ab
683 2709 720 2758 eo
741 2699 918 2776 parenteve
939 2695 1019 2778 eius,
1041 2695 1199 2762 libertove
1214 2699 1305 2763 ouius
1323 2715 1439 2765 eorum
1457 2701 1569 2767 libera-

349 2792 443 2873 verit,
463 2793 558 2874 quive
575 2793 723 2874 impubes
742 2795 813 2876 erit,
836 2796 932 2877 quive
948 2794 1076 2878 (iudicio
1093 2797 1219 2882 publico
1236 2797 1405 2866 domnulus
1419 2802 1487 2868 erit
1497 2802 1570 2884 qudi

350 2913 462 2960 eorum
479 2895 513 2992 in
531 2895 695 2977 integrum
713 2897 886 2964 restitutus
903 2915 968 2964 non
985 2889 1045 2981 est,
1069 2900 1164 2982 quive
1180 2899 1214 2965 in
1230 2901 1368 2966 vinculis
1385 2904 1569 2969 custodiave

351 2995 482 3080 publica
509 2997 585 3077 erit,
614 2995 709 3079 quive
740 2998 949 3082 depugnandi
976 3017 1072 3066 causa
1094 3005 1286 3067 auctoratus
1308 3002 1383 3083 erit,
1415 3004 1517 3086 quive
1538 3003 1572 3068 ad

350 3099 473 3166 bestias
497 3099 684 3182 depugnare
707 3117 741 3166 se
762 3101 883 3166 locavit
904 3101 1069 3180 locaverit,
1091 3107 1318 3186 praeterquam
1336 3105 1393 3185 qui
1411 3105 1573 3172 iaculandi

350 3219 450 3266 causa
471 3201 513 3267 ad
531 3202 644 3268 urbem
663 3203 780 3269 missus
799 3208 850 3268 est
866 3203 939 3286 erit,
954 3203 1108 3284 (quaeve)⁷
1126 3205 1233 3286 palam
1252 3221 1386 3286 corpore
1404 3213 1573 3288 quaestum

349 3299 446 3367 faciet
463 3301 625 3384 feceritve,
644 3306 739 3388 quive
756 3306 797 3372 ob
812 3306 1032 3372 testimonium
1048 3305 1219 3372 dicendum
1232 3305 1291 3388 (uel
1304 3307 1573 3392 condirectioni
1627 3331 1628 3334 ¹

350 3404 519 3487 pecuniam
549 3407 712 3490 accepisse
743 3407 907 3474 iudicatus
938 3409 1013 3489 erit,
1045 3423 1087 3474 ne
1117 3407 1190 3492 quis
1216 3425 1327 3473 eorum
1353 3407 1416 3474 hac
1442 3410 1520 3495 lege
1547 3410 1574 3474 in

350 3525 442 3573 reum
464 3509 684 3576 testimonium
708 3510 804 3577 dicat.

434 3605 575 3692 t‘Capite
598 3613 794 3696 octogesimo
817 3605 991 3696 septimo':)

434 3707 479 3776 Hi
508 3709 654 3780 homines
689 3714 784 3779 inviti
820 3714 853 3778 in
883 3732 974 3780 reum
1005 3713 1225 3780 testimonium
1264 3731 1306 3780 ne
1342 3715 1497 3783 dicunto:
1528 3716 1577 3799 qui

350 3813 500 3881 sobrinus
520 3821 570 3880 est
588 3815 618 3880 ei
635 3834 700 3896 reo,
723 3816 915 3898 propioreve
932 3817 1124 3898 cognatione
1142 3817 1341 3898 coniunctus
1364 3818 1466 3900 quive
1485 3837 1578 3896 socer,

351 3933 461 3998 gener,
483 3917 628 3998 vitricus,
651 3919 884 4001 privignusque
908 3919 976 3984 eius
999 3917 1070 3983 erit.

420 4102 447 4175 1)
465 4100 613 4154 Delendam
635 4101 704 4154 hanc
726 4117 820 4156 vocem
842 4103 934 4156 censet
952 4099 1011 4154 Mo.
1028 4129 1060 4140 ·-
1078 4099 1107 4169 2)
1127 4098 1235 4154 Gaiae:
1252 4095 1340 4154 ‘detur
1358 4101 1490 4172 legetur!
1508 4134 1542 4145 -
1557 4104 1580 4168 3)

350 4185 404 4241 Ins.
419 4175 476 4240 Mo.
493 4215 528 4225 -
546 4185 573 4253 4)
593 4183 660 4238 Ootr.
675 4189 701 4249 9,
718 4189 745 4240 2.
781 4185 923 4240 Sententia
940 4185 1008 4254 legis
1027 4184 1110 4238 etiam
1127 4185 1156 4238 in
1172 4185 1209 4240 D.
1220 4188 1267 4249 22,
1281 4187 1307 4248 ὅ,
1324 4189 1384 4252 3,5
1402 4191 1495 4246 relata
1512 4193 1581 4245 este

351 4267 504 4324 callistrati
528 4271 547 4323 Ι.
565 4269 598 4324 de
624 4286 700 4339 cogn.
735 4269 832 4325 Utrum
850 4270 972 4326 Caesaris
994 4285 1031 4323 an
1046 4269 1166 4338 Augusti
1183 4269 1220 4323 sit
1238 4269 1304 4323 haec
1321 4271 1376 4337 lex,
1395 4291 1453 4331 non
1470 4277 1581 4334 mustei,

351 4369 399 4408 nec
419 4370 469 4422 quo
496 4371 565 4408 anno
582 4354 620 4408 sit
639 4355 705 4408 lata.
724 4354 765 4408 Of.
785 4354 858 4410 Ruri.
876 4355 940 4409 Re.
956 4359 983 4419 1,
1000 4357 1043 4408 85.
1062 4383 1096 4393 -
1113 4354 1141 4420 5)
1160 4353 1205 4408 Ita
1222 4353 1297 4411 noa.
1314 4357 1360 4410 rib.
1378 4359 1407 4412 d.
1427 4361 1474 4416 lab.
1492 4361 1527 4414 dc
1543 4361 1582 4426 off.

348 4453 424 4506 proc.
435 4455 465 4506 p.
474 4442 533 4495 314.
562 4438 662 4494 dedda
678 4435 789 4493 ‘inhaee
804 4439 885 4493 verba
902 4439 945 4492 his
964 4435 1066 4495 verbis?
1078 4439 1141 4508 -6)
1159 4437 1182 4492 Ε
1198 4439 1263 4508 Diq.
1282 4471 1318 4480 -
1335 4443 1365 4510 7)
1382 4445 1435 4500 lta
1443 4446 1491 4516 1),
1506 4445 1584 4500 Gau..-

352 4517 501 4589 ‘palamve’
562 4527 566 4535 '
998 4526 999 4534 ’
