3328 5356
311 430 374 494 256
843 428 998 497 Scriptores¹

312 601 637 664 Praeiurationes
668 596 774 662 iacere
806 599 959 662 dicuntur
990 599 1038 674 bi,
1071 585 1125 679 qui
1158 603 1232 662 aute
1265 600 1346 663 alios
1378 602 1538 680 conceptis
1643 587 1644 674 l

312 703 420 767 verbis
451 703 574 778 iurant3
608 705 681 780 post
714 717 793 780 quos
824 701 856 762 in
890 701 1002 764 eadem
1025 701 1126 764 verba
1149 701 1294 764 iurantes
1316 703 1537 766 tantummodo
1643 707 1644 716 ’

314 805 441 869 dicunt:
465 803 559 866 ‘idem
583 803 615 864 in
639 799 709 864 me’
754 801 788 864 P.
811 805 888 865 224.

313 905 638 984 Praerogativae
661 904 828 967 centuriae
851 904 1010 981 dicuntur,
1033 909 1070 967 ut
1092 903 1185 968 ducet
1208 904 1314 968 Varro
1326 941 1377 983 —‚
1389 923 1450 986 quo
1472 923 1536 968 rus·

316 1003 398 1092 [tici]
422 1005 569 1082 Romani,
593 1005 648 1086 qui
666 1004 856 1085 ignorarent
872 995 1044 1084 'petitores
1067 1003 1193 1068 facilius
1211 1021 1266 1068 eos
1285 1006 1536 1070 animadvertere

289 1113 458 1189 ..possent3
483 1107 619 1171 Verrius
634 1105 835 1186 probabilius
854 1107 977 1170 iudicat
999 1123 1078 1185 esse,
1102 1111 1139 1169 ut
1162 1124 1234 1169 eum
1253 1112 1360 1170 essent
1379 1108 1535 1188 designati

314 1313 419 1388 risve,
452 1316 484 1374 et
516 1307 630 1373 fierent
653 1310 754 1373 ceteri
778 1309 999 1390 diligentiores
1023 1308 1239 1390 adsuffragia
1264 1311 1303 1373 de
1326 1307 1378 1373 his
1400 1307 1535 1374 ferenda.

315 1412 352 1476 F.
374 1414 451 1476 249.

317 1515 440 1578 Praes
459 1517 508 1577 est
526 1514 562 1590 is,
583 1514 638 1594 qui
657 1514 774 1592 populo
792 1500 827 1577 se
846 1513 979 1594 obligat,
999 1514 1283 1594 interrogatusque
1303 1513 1536 1594 amagistratu

318 1617 344 1678 si
368 1633 463 1694 praes
486 1615 539 1689 sit,
561 1614 615 1678 ille
638 1615 829 1694 respondet:
853 1631 955 1694 praes.
999 1617 1034 1677 P.
1058 1617 1133 1678 233.
1156 1613 1203 1696 (of.
1235 1615 1389 1696 Manceps.)

317 1717 534 1780 Praeteriti
558 1721 722 1781 senatores
747 1717 908 1798 quondam
932 1717 965 1778 in
988 1716 1160 1797 opprobrio
1182 1723 1370 1795 nouerant,
1393 1717 1488 1796 quod,
1506 1723 1538 1780 ut

317 1835 411 1898 reges
430 1817 490 1882 sibi
500 1818 653 1898 legebant
664 1818 948 1899 sublegebantque,
963 1835 1043 1898 quos
1053 1819 1086 1882 in
1096 1805 1226 1882 consilio
1238 1817 1366 1898 publico
1376 1818 1537 1895 haberent

317 1920 365 1983 ita
388 1925 462 1998 post
480 1923 609 1983 exactos
632 1937 686 1982 eos
710 1919 856 1983 consules
879 1937 1004 2000 quoquc
1024 1926 1056 1982 et
1075 1921 1200 1983 tribuni
1222 1920 1362 1984 militum
1386 1921 1539 1984 consulari

318 2026 481 2102 potestate
504 2021 781 2084 coniunctissimos
804 2022 866 2086 sibi
889 2040 1033 2103 quosque
1056 2022 1266 2102 patriciorum
1290 2027 1322 2084 et
1342 2022 1460 2086 deinde
1477 2022 1538 2101 ple·
1643 2017 1644 2056 l

317 2124 461 2188 boiorum
480 2123 641 2205 legebant,
665 2125 764 2188 donec
784 2122 899 2187 Ouinia
917 2123 1092 2188 tribunicia
1111 2124 1293 2202 intervenit,
1314 2141 1379 2204 qua
1397 2129 1539 2186 sanctum

236 2215 241 2222 ’
318 2231 386 2304 est,
418 2231 454 2288 ut
485 2241 633 2290 censores
665 2243 702 2288 ex
735 2225 820 2288 omni
843 2225 955 2288 ordine
978 2226 1134 2305 optimum
1158 2243 1318 2306 quemque
1342 2226 1491 2289 curiatim
1511 2225 1539 2287 in
1643 2293 1644 2322 ¹

211 2373 212 2376 η
319 2331 467 2390 senatum
482 2325 646 2407 legerent;
671 2345 734 2406 quo
752 2323 874 2390 factum
898 2331 957 2399 est,
980 2332 1017 2389 ut
1036 2327 1091 2408 qui
1110 2328 1280 2406 praeteriti
1299 2332 1408 2392 essent
1426 2331 1460 2390 et
1476 2326 1542 2390 loco

318 2428 407 2506 moti,
430 2427 629 2492 haberentur
650 2427 863 2508 ignominiosi.
910 2426 947 2490 F.
969 2431 1045 2490 246.
1643 2485 1644 2498 ,

319 2529 484 2592 Praetor
515 2530 556 2592 ad
588 2534 714 2608 portam
743 2547 828 2592 nunc
851 2529 1015 2592 salutatur
1042 2531 1090 2609 is,
1126 2530 1182 2610 qui
1213 2530 1246 2592 in
1269 2531 1465 2610 provinciam
1488 2547 1542 2610 pro
1643 2591 1644 2616 χ

316 2619 472 2710 'praetore
495 2636 553 2693 aut
576 2649 634 2708 pro
658 2631 786 2694 consule
810 2631 890 2708 exit3
914 2631 1006 2694 cuius
1024 2632 1078 2694 rei·
1094 2649 1214 2694 morem
1234 2631 1282 2694 ait
1299 2629 1399 2695 fuisse
1417 2630 1543 2695 Cincius

320 2765 364 2774 -
386 2731 501 2794 talem:
533 2731 804 2794 Albanosrerum
825 2733 946 2811 potitos
969 2749 1071 2813 usque
1095 2733 1136 2796 ad
1159 2733 1287 2796 Tullum
1309 2751 1433 2813 regem3
1463 2731 1543 2795 Alba

323 2831 438 2896 deinde
465 2833 574 2895 diruta
603 2850 704 2913 usque
735 2833 776 2896 ad
799 2832 832 2894 P.
856 2832 998 2896 Decium
1020 2834 1146 2898 Murem
1169 2851 1230 2897 eos.
1246 2833 1391 2914 populos
1416 2833 1544 2898 Latinos

323 2934 365 2997 ad
384 2939 481 3014 caput
499 2933 703 3012 Ferentinae,
723 2934 807 3015 quod
827 2940 878 2998 est
892 2935 951 3000 sub
970 2941 1078 3000 monte
1097 2935 1232 3014 Albano,
1252 2936 1418 3001 consulere
1437 2936 1543 2999 solitos

322 3039 354 3098 et
377 3035 549 3116 imperium
573 3037 733 3100 communi
756 3037 887 3100 consilio
906 3038 1142 3102 administrare.
1166 3038 1282 3117 ltaque
1301 3055 1365 3117 quo
1384 3055 1467 3108 anno
1485 3037 1543 3100 Rc·

323 3155 440 3200 manos
456 3137 669 3217 imperatores
692 3139 733 3202 ad
756 3139 932 3202 exercitum
955 3139 1084 3203 mittere
1107 3144 1270 3220 oporteret
1297 3139 1387 3203 iussu
1411 3139 1544 3203 nominis

322 3238 449 3318 Latini,
482 3239 663 3318 complures
697 3240 876 3322 (auguresP)
905 3245 1031 3304 nostros
1053 3239 1269 3320 inCapitolio
1293 3259 1312 3304 a
1336 3241 1403 3304 sole
1426 3241 1544 3304 oriente

321 3341 461 3420 auspicis
483 3359 615 3422 operam
638 3341 714 3404 da're
737 3341 856 3406 solitos.
889 3341 953 3406 Ubi
968 3360 1042 3406 aves
1061 3341 1272 3421 addixissent,
1288 3342 1426 3406 militem
1445 3342 1543 3414 illum,

323 3444 379 3524 qui
403 3462 422 3507 a
445 3443 603 3507 communi
626 3441 720 3506 Latio
752 3443 868 3506 missus
892 3449 992 3522 esset,
1024 3444 1114 3508 illurn
1137 3463 1232 3524 quern
1256 3461 1331 3508 aves
1352 3445 1544 3509 ‘addixerant

271 3554 273 3559 ’
323 3552 504 3624 praetorem
518 3545 661 3608 salutare
679 3545 820 3624 solitum,
840 3546 895 3626 qui
914 3563 985 3610 eam
1006 3547 1202 3625 provinciam
1217 3547 1376 3610 obtineret
1389 3546 1544 3626 praetoris

322 3647 457 3712 nomine.
504 3646 540 3712 F.
562 3651 637 3712 241.

322 3749 478 3815 Priscae
509 3751 646 3837 Latinae
678 3749 819 3814 coloniae
852 3750 1035 3829 appellatae
1068 3754 1152 3828 sunt,
1187 3755 1223 3813 ut
1257 3750 1494 3831 distinguerent
1524 3765 1541 3810 a

271 3892 274 3897 -
322 3853 423 3931 novis,
447 3870 529 3934 quae
551 3857 665 3932 postea
688 3871 707 3914 a
730 3851 848 3931 populo
871 3852 1043 3916 dabantur.
1087 3851 1222 3938 E241.

323 3954 451 4018 Prisci
479 3953 588 4016 Latini
609 3988 652 3998 -—
673 3952 722 4026 hi,
754 3953 809 4033 qui
840 3953 1028 4034 priusquam
1062 3954 1255 4018 conderetur
1276 3954 1379 4018 Roma
1407 3951 1543 4018 fuerunt.

323 4055 357 4119 P.
380 4061 456 4122 226.
1224 4116 1228 4121 .

324 4153 499 4242 [Privato
519 4152 659 4242 surrcptc]
679 4175 712 4220 se
732 4156 864 4220 alebant
881 4151 1011 4240 milltes
1026 4153 1174 4234 Romani,
1192 4161 1359 4239 antequam
1373 4146 1543 4238 stipendio]

323 4265 540 4338 mererentur,
574 4257 659 4340 quod
687 4257 719 4320 in
742 4253 976 4342 [consuetudine
1004 4259 1120 4322 emansit
1142 4279 1244 4340 pocae
1270 4254 1322 4342 ad]
1346 4259 1379 4323 id
1408 4263 1542 4336 tempus
1643 4323 1644 4340 χ

323 4362 409 4440 quod
430 4359 493 4424 fuit
511 4355 815 4444 perductatamen
835 4358 936 4422 Romo
956 4356 1044 4444 urbs]
1064 4366 1157 4440 capta
1179 4365 1229 4424 est
1248 4379 1267 4424 a
1284 4359 1395 4439 Gallis,
1418 4353 1467 4444 [ec
1483 4372 1542 4436 quo

323 4463 392 4525 siae
411 4461 536 4542 publico
558 4461 716 4542 stipendio
737 4455 870 4544 ot]ilites
892 4479 955 4548 non
978 4459 1109 4526 fiebant.
1154 4460 1191 4524 F.
1214 4464 1289 4524 234.
