3346 5344
354 409 419 474 104
829 403 883 458 Lex
901 399 979 456 iunia
996 399 1099 456 Volies.

438 575 578 644 Divertii
604 575 743 642 faciendi
769 578 914 657 potestas
940 572 1093 652 libertae,
1119 589 1203 654 quse
1229 577 1334 655 nupte
1354 577 1578 656 estpatmnc,

352 699 394 747 ne
416 685 495 760 esto,
518 677 667 762 quamdiu
687 681 844 758 petronus
866 693 937 741 cem
959 691 1091 739 uxorem
1108 691 1180 739 csse
1196 674 1283 740 volet
1298 723 1329 740 ..
1352 671 1460 758 (eece)
1480 675 1578 739 invito

353 783 511 864 petrono¹
534 779 606 864 (eiii
623 779 737 845 necere
749 783 891 862 potestus
908 774 999 860 este.)
1174 806 1177 812 ·
1647 839 1648 850 1

438 879 611 966 (XXXIV)
649 879 752 962 (Uip.
769 879 789 944 l.
812 874 888 944 VII
898 878 941 944 ud
954 877 974 942 i.
990 876 1052 942 Iul.
1067 881 1097 942 et
1107 874 1216 958 Pcp.²:
1235 875 1278 942 ‘Si
1296 895 1373 942 vere
1387 913 1431 924 -
1443 878 1579 943 meritus

356 984 494 1054 dotalem
512 1001 640 1050 seruum
658 981 827 1048 voluntate
845 981 915 1045 eins
929 976 1106 1063 (mulieris)
1121 979 1406 1060 manumiserit,-
1425 981 1476 1045 sit
1492 979 1578 1064 texe)

504 1085 590 1168 quod
621 1084 663 1149 ed
695 1101 769 1150 eum
799 1082 961 1164 pervenit,
989 1081 1077 1148 etsi
1104 1081 1176 1146 dolo
1200 1081 1286 1146 melo
1310 1081 1437 1164 aliquid
1457 1081 1579 1147 factum

353 1194 413 1272 est,
436 1187 608 1272 quominus
635 1186 676 1251 ad
704 1203 776 1250 eum
799 1184 980 1266 perueniat,
1005 1173 1183 1264 ..quente'
1198 1182 1337 1264 pecunie
1359 1183 1433 1264 erit,
1456 1189 1579 1248 tentem

355 1291 523 1374 pecuniam
546 1288 633 1353 dsto.
678 1323 680 1330 s

613 1489 642 1555 8.
685 1491 766 1556 Lex
787 1487 898 1555 Iunia
920 1488 1071 1568 Vellee,
1095 1507 1123 1554 a.
1145 1485 1186 1550 27
1210 1505 1239 1569 p.
1263 1485 1316 1554 0³

382 1695 385 1718 ¹
440 1629 466 1694 I.
490 1627 650 1711 (Sedent.
680 1625 733 1690 VI
745 1630 879 1708 qeeest..·
905 1620 1011 1690 ‘Nunc
1030 1625 1070 1688 de
1092 1623 1164 1708 lege
1196 1623 1310 1690 Vellea
1333 1623 1518 1704 viduamne,
1542 1659 1581 1670 -

361 1739 395 1798 et
416 1731 546 1796 videtur
568 1729 706 1810 primunr
723 1731 822 1809 caput
840 1743 894 1792 eos
913 1726 1071 1807 spectare,
1082 1725 1138 1808 qui
1156 1731 1211 1790 etc.
1228 1724 1334 1792 -'Ite
1351 1724 1454 1790 verbe
1470 1720 1582 1807 ιιιιιῖὲ)

440 1829 845 1913 Quiesceitemcnesposc
854 1828 935 1892 huuc
951 1827 1465 1912 lepernreputcm)⁴testcmentum
1474 1825 1580 1904 faciet,

266 2013 271 2023 Ι
358 1937 386 2002 is
408 1953 517 2001 omnes
538 1933 641 1998 virilis
663 1949 776 2012 sexus,
806 1931 881 2014 quei
904 1931 933 1994 ei
956 1947 1034 1994 suus
1056 1929 1151 1995 heres
1172 1927 1302 2000 futurus
1325 1929 1421 2009 erit,⁶
1444 1927 1582 2011 (medes

353 2033 544 2102 instituendi
569 2033 803 2117 (nominetimve
832 2029 1054 2114 anteradensi)
1074 2035 1282 2115 postestatem·
1297 2029 1443 2110 hebet03⁶
1469 2033 1582 2114 quiqu

356 2139 482 2205 heredes
503 2138 645 2203 instituti
662 2135 887 2218 (exieredcie'ee
909 2132 984 2217 ιτα)
1007 2139 1108 2212 eruet,
1131 2135 1161 2199 si
1178 2137 1350 2198 nosceretur
1364 2137 1581 2198 testamentum

356 2261 395 2307 ue
416 2237 632 2324 ruuepucto,)⁸
655 2238 783 2302 etiamsi
805 2239 942 2317 parente
963 2235 1036 2299 vivo
1058 2233 1260 2300 nascentur.⁹
1377 2289 1379 2294 .
1453 2275 1454 2278 =

442 2341 485 2407 ΙΙ.
508 2339 543 2408 Si
566 2341 636 2422 quis
659 2357 698 2403 ex
721 2337 789 2402 suis
810 2335 984 2401 heredibus
1007 2353 1085 2401 suus
1107 2335 1202 2402 heres
1229 2354 1298 2402 esse
1322 2335 1468 2416 desierit,
1491 2336 1579 2410 liberi

359 2444 461 2510 eius¹⁰
484 2441 544 2526 [cel
573 2446 699 2524 sepcies
723 2440 952 2524 pronepotes,¹¹
973 2439 1029 2520 qui
1051 2437 1177 2504 decedes
1197 2437 1339 2503 destituti
1359 2438 1580 2537 nominatimce

430 2679 457 2742 1)
474 2677 548 2732 Heec
565 2675 687 2730 verbeex
705 2675 796 2728 ecdem
813 2673 873 2742 Ulp.
883 2674 952 2728 libro
968 2674 1121 2730 referuntur
1138 2675 1165 2728 in
1183 2673 1221 2728 D.
1231 2677 1276 2739 23,
1291 2677 1319 2738 2,
1337 2677 1379 2742 45,
1388 2677 1414 2738 5,
1430 2673 1580 2742 praemissis

360 2761 464 2816 verbis:
484 2757 594 2815 ‘Deinde
612 2755 728 2820 sitien?
745 2774 813 2828 quse
827 2759 994 2826 explicantur
1007 2759 1136 2828 principio
1150 2759 1206 2813 eius
1222 2759 1280 2814 loci.
1290 2759 1361 2824 -2)
1378 2757 1418 2816 D.
1436 2753 1484 2826 24,
1502 2763 1528 2826 3,
1544 2762 1579 2821 64,

356 2863 402 2917 pr.
419 2849 445 2901 6.
462 2849 487 2900 7.
500 2849 543 2902 10.
578 2845 721 2912 Perperem
738 2844 852 2898 editores
858 2861 888 2913 p.
899 2847 952 2899 103
959 2851 1013 2900 not.
1023 2849 1040 2900 1
1050 2847 1110 2900 citt.
1120 2861 1210 2900 omnes
1219 2845 1290 2901 hunc
1299 2845 1387 2899 locum
1398 2861 1454 2898 non
1464 2844 1498 2899 de
1512 2860 1579 2898 servo

360 2930 524 2986 manumisso
541 2929 588 2983 sed
605 2929 639 2983 'de
656 2929 780 2984 universe
796 2927 858 2984 dcte
875 2929 1073 2984 intellexerunt.
1092 2959 1127 2970 —
1143 2932 1171 2998 3)
1182 2930 1286 2986 Ultima
1300 2930 1355 2984 fere
1365 2929 1581 2997 omniumlegnn

361 3015 395 3072 nd
419 3015 546 3084 populum
563 3015 679 3068 laterum
697 3013 762 3068 heec
779 3029 836 3076 esse
854 3013 972 3082 videtur,
995 3031 1056 3068 curn
1073 3015 1124 3072 snb
1142 3015 1247 3070 Tiberio
1264 3015 1370 3070 demum
1387 3031 1412 3070 s.
1431 3015 1486 3070 780
1502 3017 1546 3081 (27
1560 3031 1582 3082 p.

362 3101 402 3169 Ο.)
422 3099 548 3163 sitista,
570 3097 597 3152 id
616 3097 685 3169 qued
703 3097 770 3162 Me,
795 3098 841 3167 qui
857 3098 1046 3167 imperatorum
1069 3100 1168 3155 aetatis
1191 3115 1324 3156 comesse
1341 3101 1423 3154 entes
1441 3103 1582 3170 negaverat

361 3185 465 3252 (Jahrb.
488 3188 517 3253 2,
539 3187 610 3252 338),
632 3199 703 3238 nunc
726 3183 771 3252 (ed
795 3183 833 3237 D.
854 3187 900 3252 26,
922 3188 950 3247 2,
971 3187 1014 3248 10,
1037 3187 1065 3248 2)
1089 3185 1194 3252 etipse
1217 3183 1363 3238 contendit.
1393 3183 1497 3254 ¹Verbo
1520 3183 1583 3252 legis

360 3270 467 3325 nonnisi
487 3271 517 3323 in
532 3269 571 3326 D.
588 3274 635 3338 28,
652 3273 680 3338 2,
697 3273 743 3337 29,
760 3273 804 3326 12.
822 3273 857 3325 14
875 3286 957 3338 eaque
974 3269 1133 3338 interrupte,
1150 3267 1253 3324 tradite.
1270 3271 1341 3334 sunt,
1351 3269 1450 3338 quibus
1463 3271 1582 3338 supplen-

361 3355 402 3410 dis
415 3371 520 3424 operam
530 3355 671 3410 dederunt:
684 3355 889 3423 Menoeceos,
903 3347 1052 3424 (Glsicledd,
1061 3357 1197 3420 202-36)
1213 3346 1359 3424 Vcnperow
1368 3352 1471 3419 (Paosd.
1480 3357 1582 3422 2‚220)‚

360 3439 436 3496 Lccet
454 3439 522 3508 (doe.
537 3455 611 3510 poce.
629 3444 657 3505 2,
666 3443 737 3510 241),
756 3439 878 3495 Schmidt
896 3439 1169 3506 (19022293οψ34).
1187 3439 1261 3505 Ques
1278 3444 1333 3507 ipse
1350 3439 1474 3510 probavi,
1492 3441 1583 3508 Diges
1647 3457 1648 3460 ¹

359 3529 447 3580 torum
475 3525 539 3579 locis
557 3525 713 3580 confirmare
739 3524 839 3580 studui.
862 3553 896 3564 -
913 3524 980 3594 4)E
1002 3525 1062 3594 lege
1089 3524 1210 3580 Falcidia
1232 3524 1300 3580 telis
1321 3523 1404 3578 verbe
1430 3524 1584 3582 adducendo
1647 3515 1648 3530 ¹

360 3609 494 3664 uidentur.
506 3609 577 3676 —5)
595 3610 629 3664 In
646 3609 712 3680 Dr'p.
731 3609 774 3664 hic
792 3609 901 3664 additur
918 3605 956 3670 ‘et
974 3606 1078 3674 cetere,²
1097 3613 1126 3665 et
1143 3612 1209 3663 tuuc
1225 3610 1374 3678 sequnntur
1391 3609 1490 3678 cepitis
1508 3609 1585 3664 verbs

360 3694 454 3749 finalis
475 3689 599 3748 ‘etiamsi'
619 3699 667 3749 etc.
685 3725 720 3734 -
738 3695 764 3762 6)
785 3693 820 3749 L.
838 3697 875 3748 29
893 3693 936 3749 cc't.
954 3693 977 3764 §—
990 3697 1037 3748 15:
1063 3690 1204 3762 ‘superiore
1222 3695 1311 3762 capite
1328 3695 1360 3746 ut
1377 3693 1460 3749 liceat
1478 3695 1584 3748 institui

222 3803 225 3808 ·
276 3843 278 3846 ,
360 3777 479 3833 nondum
496 3781 582 3843 netes,
600 3779 646 3848 qni
664 3795 723 3833 cum
741 3780 886 3832 nascentur
903 3779 944 3832 sui
962 3779 1050 3842 erunt,
1067 3779 1203 3850 permittit
1217 3774 1373 3845 (lex.)'-'i)
1382 3776 1421 3830 D.
1430 3781 1479 3844 28,
1488 3783 1514 3842 3,
1523 3783 1585 3846 3,1.·

361 3861 417 3933 ‘qui
433 3867 494 3933 post
512 3865 708 3918 testamentum
725 3864 827 3919 fectum
845 3865 874 3918 in
891 3863 948 3918 vite
964 3864 1165 3929 nuscuntur,ite
1183 3862 1288 3918 denium
1302 3877 1350 3930 per
1364 3862 1454 3932 legem
1465 3865 1585 3919 Velleuru

360 3965 484 4018 rumpere
503 3951 695 4005 testamentum
713 3949 896 4020 prohibentur,
914 3949 937 4002 si
954 3949 1114 4004 nominatim
1131 3950 1188 4002 sint
1206 3943 1423 4002 exheredati'-
1440 3949 1468 4018 8)
1488 3949 1527 4005 D.
1540 3953 1583 4014 28,

361 4035 386 4100 5,
403 4037 429 4100 6,
447 4037 477 4088 1:
508 4029 628 4102 ‘nepotes
647 4037 674 4088 ct
693 4033 817 4102 deinceps
835 4035 931 4098 ceteri,
948 4033 994 4102 qui
1012 4035 1120 4103 exlege
1139 4034 1233 4088 Vellee
1249 4033 1371 4087 instituti
1388 4049 1442 4088 uon
1460 4038 1585 4104 rumpunt

258 4156 262 4165 .
362 4114 545 4176 testamenta?
566 4144 600 4156 -
617 4117 644 4184 9)
657 4117 727 4171 Flcr.
747 4121 882 4188 corrupte:
906 4115 1027 4173 ‘vovente
1050 4123 1127 4188 patre
1144 4115 1222 4173 vivo'.
1258 4117 1316 4172 Mo.
1334 4118 1401 4172 hsce
1418 4119 1503 4174 verba
1520 4120 1584 4190 legis

363 4219 419 4258 esse
436 4219 491 4257 non
508 4203 596 4272 putet,
615 4203 645 4255 nt
663 4201 695 4256 ef.
714 4203 729 4270 ξ
747 4205 793 4256 11:
817 4199 910 4256 ‘voluit
929 4203 991 4268 (lex)
1014 4203 1082 4257 vivis
1099 4203 1180 4257 nobis
1196 4204 1342 4258 netossncn
1358 4201 1504 4272 rumpere?
1517 4206 1531 4272 ξ
1542 4205 1585 4258 12:

364 4283 508 4341 ‘si-vivo
522 4289 552 4341 te
569 4303 650 4356 nepos
667 4287 812 4340 noscetur?
830 4303 862 4342 ex
879 4288 990 4342 verbis
1008 4287 1095 4355 (legis)
1113 4285 1253 4342 dicendum
1271 4287 1312 4340 est
1328 4303 1383 4358 non
1400 4285 1506 4357 rumpi.³
1517 4294 1531 4354 ξ
1542 4289 1583 4342 15:

363 4365 446 4438 ‘isque
470 4372 598 4425 noscetur
619 4371 679 4424 rivo
700 4373 776 4438 patre
799 4367 862 4424 sno?
881 4401 916 4410 -
933 4372 976 4438 19)
994 4371 1027 4424 In
1044 4371 1110 4440 Dip.
1128 4371 1172 4424 hic
1189 4374 1220 4424 ut
1238 4386 1318 4438 suprs
1334 4387 1361 4424 se.
1380 4376 1405 4426 5.
1424 4373 1534 4428 udditnr
1551 4370 1584 4426 ‘et

365 4450 472 4517 cetere‚’
481 4457 510 4508 et
520 4456 578 4508 turn
588 4457 734 4524 sequuntur
748 4455 845 4523 cepitis
858 4455 940 4509 verbe
949 4455 1057 4509 finalis:
1067 4451 1104 4510 ‘in
1112 4453 1207 4511 locum’
1215 4461 1262 4510 etc.
1272 4485 1305 4494 ·-
1315 4458 1358 4524 11)
1367 4457 1403 4514 L.
1412 4461 1451 4514 29
1459 4459 1503 4514 cit.
1512 4458 1531 4528 §
1538 4461 1585 4511 13:
