3330 5400
565 1533 931 1647 PRAEFATIO

451 1707 735 1774 EDITIONIS
780 1711 1040 1776 TERTIAE.

253 2003 373 2108 Citius,
392 2049 488 2111 quam
508 2049 637 2110 sperare
657 2049 756 2095 ausus
775 2050 855 2109 sum,
879 2033 1019 2096 secunda
1042 2033 1139 2097 huius
1163 2034 1360 2099 collectionis
1447 2053 1450 2056 ·

133 2150 232 2212 editio
269 2154 344 2212 ante
371 2148 430 2212 hoc
462 2149 709 2230 quadriennium
733 2151 848 2214 emissa
870 2151 955 2214 inter
978 2153 1106 2232 eosqui
1129 2152 1192 2217 iuri
1215 2154 1359 2218 Romano

132 2285 265 2346 operam
289 2268 369 2332 dant
393 2267 559 2348 divulgata
583 2273 633 2334 est
650 2269 890 2350 necessitasque
913 2269 1165 2351 mihiimposite‚
1197 2276 1233 2335 ut
1257 2271 1361 2336 denuo

131 2403 200 2450 rem
232 2390 426 2466 pertractem
450 2405 628 2468 novamque
655 2387 828 2452 editionem
852 2407 971 2468 parem.
1017 2388 1087 2465 Qua
1111 2390 1240 2470 quidem
1267 2391 1299 2453 in
1324 2410 1359 2455 re

132 2523 289 2569 summam
314 2505 457 2584 opusculi
473 2506 632 2570 rationem
664 2510 762 2587 atque
792 2507 1034 2587 dispositionem
1061 2509 1251 2572 mutandam
1282 2509 1360 2573 mihi

130 2643 193 2689 non
211 2643 281 2688 csse
301 2625 482 2690 arbitratus
506 2643 588 2703 sum;
617 2625 761 2707 singulas
785 2631 894 2691 autem
917 2632 1028 2707 partes
1051 2627 1297 2709 diligentissime
1321 2628 1359 2693 de

131 2744 257 2825 integro
280 2744 457 2808 examinavi
482 2745 650 2826 novisque,
674 2763 757 2826 quae
777 2751 991 2824 accesserunt,
1016 2746 1167 2811 subsidiis
1191 2746 1358 2811 emendavi

60 2883 62 2887 ⁴
130 2867 230 2944 atquc
258 2864 420 2943 ampliavi.
470 2861 686 2929 Gravissimae
720 2881 802 2945 quac
839 2865 913 2928 inde
944 2869 1033 2928 orme
1062 2870 1137 2929 sunt
1161 2867 1356 2930 mutationes

131 2981 192 3044 hac
215 2980 281 3044 iere
305 2986 395 3045 sunt:
430 3000 507 3062 prae
535 2982 652 3046 ceteris
672 2982 764 3063 quod·
781 2983 926 3063 recipere
952 2989 1037 3048 nunc
1060 2985 1150 3064 potui
1167 2985 1249 3065 legis
1273 2985 1356 3050 colo-

129 3100 204 3164 niae
224 3098 513 3164 Genetivaeluliae
536 3099 720 3181 fragmenta
739 3119 765 3165 a.
788 3100 1019 3181 1871reperta
1042 3120 1184 3166 necnon
1209 3107 1355 3167 contrac-

125 3225 221 3282 tuum
240 3217 436 3281 cautionese
456 3205 627 3299 triptychis
640 3219 923 3300 Transsylvanisa
946 3220 1142 3284 Mommseno
1165 3219 1196 3283 in
1221 3237 1354 3300 corpore

127 3338 222 3402 inser.
245 3336 336 3401 latin.
355 3335 474 3413 editas3
499 3341 670 3416 praeterea
701 3338 860 3417 praetoris
877 3338 1019 3402 edictum
1043 3343 1250 3418 perpetuum,
1278 3357 1356 3419 qua·

126 3462 223 3520 tenus
241 3459 403 3520 servatum
423 3455 514 3520 nobis
530 3460 590 3534 est,
614 3460 652 3519 ut
670 3456 832 3532 adderem,
856 3474 927 3546 ere
949 3456 1027 3520 mihi
1047 3455 1227 3535 videbatur,
1251 3466 1286 3520 ut
1306 3461 1355 3519 ta·
1374 3547 1378 3555 ⁸
1398 3467 1402 3473 ·

127 3593 217 3640 ceam
247 3575 286 3638 de
327 3574 503 3640 minoribus
535 3574 728 3656 quibusdam
765 3579 832 3639 tam
876 3575 983 3655 legum
1017 3592 1115 3656 quam
1151 3574 1354 3655 negotiorum

127 3692 296 3773 speciebus
334 3693 488 3772 adiectis3
521 3696 632 3774 partes
659 3711 734 3758 vero
762 3712 779 3758 e
801 3693 908 3775 priore
932 3693 1074 3758 editione
1098 3693 1258 3772 repetitae
1282 3711 1373 3788 cnm

126 3813 247 3893 ubique
279 3812 350 3892 plus
382 3813 488 3877 minus
519 3816 683 3876 correctae
710 3813 792 3892 sint,
825 3813 876 3876 hic
906 3811 1039 3876 laudere
1073 3808 1213 3876 sufficiat
1244 3812 1349 3893 legem

128 3931 243 3994 Oscam
256 3929 387 3994 tabulae
399 3931 570 4008 Ruminae,
591 3949 676 4011 quae
688 3938 820 3996 auctore
840 3929 892 3995 Fr.
911 3929 1099 4011 Buecheler,
1123 3931 1246 4014 collega
1269 3933 1353 3996 Bon·

127 4050 237 4127 nemsi,
261 4049 531 4127 interpretatione
555 4049 748 4131 philologica
776 4051 937 4114 instructa
961 4054 1018 4129 est,
1042 4051 1211 4132 legemque
1228 4049 1354 4129 collegii

128 4185 234 4251 aquae
265 4165 437 4231 fullonicae
478 4167 716 4235 aMommseno
753 4172 974 4232 retractatam.
1027 4169 1174 4250 Denique
1205 4187 1256 4232 me
1292 4168 1355 4232 ΧΗ

125 4286 315 4351 tabularum
346 4282 448 4349 fontes
476 4285 662 4348 accuratius
685 4285 887 4366 adlegarisee
911 4286 1119 4368 ordinemque
1150 4287 1258 4367 legum
1293 4287 1353 4349 im-

124 4404 359 4485 perialiumque
370 4402 636 4468 constitutionum
646 4402 977 4484 meliusdisposuisse‚
1000 4406 1053 4470 vix
1071 4410 1121 4470 est
1130 4421 1188 4468 cur
1197 4423 1355 4470 moneam.
