3330 5400
651 427 735 494 Leges
758 427 856 496 regiae.
1139 441 1141 446 ·
1346 435 1367 498 5

139 598 194 659 καὶ
216 601 351 663 θυσιῶν
375 593 558 681 ἡγεμονίαν
582 599 684 680 ἔχειν,
715 635 757 644 -
784 597 900 666 ἔπειτα
930 599 1046 686 νόμων
1075 627 1110 668 τε
1135 605 1189 668 καὶ
1212 607 1367 688 πατρίαν

139 699 289 783 ἐθισμῶν
312 698 468 783 φυλακὴν
491 707 679 778 ποιεῖσθαι,
702 737 743 746 -
769 705 843 766 τῶν
866 726 902 767 τε
926 698 1143 788 ἀδικημάτων
1165 705 1207 770 τά
1229 707 1366 790 μέγιστα

139 807 200 888 μὲν
223 800 331 868 αὐτὸν
354 799 517 883 δικάζειν,
544 800 586 866 τά
610 798 638 867 δ’
664 801 829 870 ἐλάττονα
851 819 924 880 τοῖς
946 810 1142 886 βουλευταῖς
1163 808 1367 890 ἐπιτρέπειν,

137 943 181 952 -
203 901 329 988 βουλήν
351 928 387 968 τε
411 901 568 988 συνάγειν
596 906 651 969 καὶ
684 906 789 990 δῆμον
821 911 1013 992 συγκαλεῖν,
1044 909 1099 973 καὶ
1122 946 1164 955 -
1186 907 1365 994 ἡγεμονίαν

139 1007 224 1090 ἐχειν
248 1002 485 1089 αὐτοκράτορα
508 1005 544 1070 ἐν
565 1007 708 1091 πολέμῳ.

230 1111 285 1191 Τῶ
315 1107 350 1172 δὲ
382 1107 545 1192 συνεδρίῳ
575 1111 634 1192 τῆς
667 1111 1026 1195 βουλῆςιδυναστεέαν
1051 1107 1195 1196 ἀνέθηκε
1220 1109 1364 1177 τοιάνδε·
1416 1127 1419 1132 ’

139 1210 215 1290 περὶ
244 1206 372 1284 παντὸς
403 1200 487 1273 ὅτου
520 1205 562 1274 ἂν
588 1210 754 1296 εἰσηγῆται
787 1211 940 1291 βασιλεὺς
976 1211 1209 1298 διαγινώσκειν
1240 1237 1276 1278 τε
1308 1214 1363 1278 καὶ

139 1314 256 1393 ψῆφον
278 1310 455 1393 ἐπιφέρειν.

228 1416 283 1495 Τῶ
305 1413 339 1476 δέ
364 1412 537 1497 δημοτικῷ
559 1411 683 1500 πλήθει
706 1419 782 1499 τρία
809 1419 917 1481 ταῦτα
940 1417 1132 1499 ἐπέτρεψεν·
1157 1410 1362 1500 άργαιρεσιά·

139 1521 207 1596 ζειν
239 1538 275 1578 τε
307 1515 362 1578 καὶ
395 1511 521 1599 νόμους
552 1517 734 1601 ἐπικυροῦν
764 1520 819 1583 καὶ
850 1519 925 1602 περὶ
957 1521 1107 1603 πολέμου
1129 1515 1364 1604 διαγινώσκειν

138 1607 222 1681 ὅταν
245 1612 263 1681 ὁ
287 1613 441 1695 βασιλεὺς
463 1615 526 1700 ἐφῇ
548 1653 598 1682 -.
631 1617 727 1704 ἐφερε
761 1621 796 1684 δὲ
826 1619 890 1706 την
918 1625 1036 1707 ψῆφον
1066 1615 1129 1704 οὐχ
1161 1613 1227 1704 άμα
1253 1618 1360 1696 πᾶςὸ

137 1717 251 1801 δῆμος,
274 1713 358 1782 άλλδι
380 1715 468 1782 κατὰ
491 1717 552 1794 τάς
573 1716 725 1803 φράτρας
747 1717 1024 1806 συγκαλούμενος.

219 1819 249 1883 4.
274 1819 373 1885 Diua.
396 1819 602 1904 (2,21.22);1
630 1827 770 1899 πολλοῖς
801 1821 948 1907 σῶμασιν
979 1823 1184 1908 θεραπεύειν
1207 1821 1360 1890 άπέδοοκε

134 1919 175 1985 τὸ
194 1917 379 2005 δαιμόνιον.
397 1958 440 1968 -
459 1921 493 2001 ἐξ
511 1919 651 2008 ἑκάστης
666 1922 817 2008 φράτρας
832 1926 1078 2010 ἐνομοθέτησεν
1097 1921 1362 1991 ἀποδείκνυσθαι

135 2019 197 2087 δύο
229 2020 311 2098 τοὺς
341 2019 425 2107 ὑπὲρ
448 2021 663 2109 πεντήκοντα
686 2025 743 2110 ἐτη
766 2024 961 2110 γεγονότας,
991 2063 1034 2072 -
1064 2025 1209 2102 τοέτους
1237 2027 1273 2092 δὲ
1298 2022 1361 2092 οὐκ

135 2123 182 2200 εἷς
205 2122 393 2208 ῶρισμένον
424 2124 501 2190 τινά
533 2123 659 2208 χρόνον
687 2125 747 2201 τάς
777 2126 874 2211 τιμάς
907 2126 1024 2206 ἐταξεν
1054 2127 1159 2210 ἐχειν,
1191 2123 1274 2191 ἀλλὰ
1306 2127 1361 2192 διά

133 2225 264 2301 παντὸς
286 2231 350 2291 τοῦ
371 2228 456 2306 βίου,
479 2233 667 2309 στρατειῶν
689 2229 750 2311 μέν
769 2224 1037 2312 ἀπολελυμένους
1060 2228 1114 2294 διὰ
1133 2228 1196 2315 τὴν
1219 2226 1361 2313 ἡλικίαν,

133 2331 206 2391 τῶν
229 2329 263 2392 δὲ
288 2325 374 2392 κατά
397 2327 460 2413 τὴν
481 2324 584 2393 πόλιν
607 2323 760 2414 ὀχληρῶν
778 2329 833 2395 διὰ
856 2329 919 2395 τὸν
943 2328 1062 2415 νόμον.
1085 2366 1128 2377 -
1149 2323 1301 2404 ἅπαντας
1324 2331 1359 2394 δέ

133 2427 215 2504 τοὺς
230 2427 329 2512 ἱερεῖς
343 2467 386 2475 -
399 2431 647 2514 ἐνομοθέτησεν
664 2427 931 2497 ἀποδείκνυσθαι
943 2434 1004 2516 μέν
1020 2429 1087 2498 ὑπὸ
1103 2437 1175 2497 τῶν
1187 2436 1359 2516 φρατρῶν,

134 2529 380 2614 ἐπικυροῦσθαι
403 2531 440 2596 δὲ
463 2529 530 2597 ὑπὸ
554 2536 625 2596 τῶν
648 2531 878 2618 ἐξηγουμένων
900 2533 942 2598 τά
965 2540 1044 2598 θεῖα
1067 2531 1121 2599 διά
1143 2539 1314 2620 μαντικῆς.

219 2631 248 2694 a.
270 2623 411 2698 ιιιιιιιιῐ
434 2634 505 2715 (sat.
530 2635 706 2719 roseata
724 2636 812 2718 Haec
830 2635 922 2701 furta
939 2637 1075 2700 namuro
1089 2621 1195 2702 anius
1209 2636 1359 2700 ordinata

134 2735 299 2814 dimensio,
325 2737 378 2817 qui
401 2773 442 2781 —-
466 2756 586 2805 annum
603 2737 632 2800 X
647 2737 819 2817 mensium,
840 2739 964 2804 dierum
982 2757 1057 2804 rere
1077 2737 1221 2803 CCCIIII
1239 2737 1357 2803 haben·

135 2839 211 2902 dum
241 2857 310 2903 esse
341 2840 499 2918 instituit,
526 2858 715 2922 mensesque
743 2843 790 2906 ita
820 2842 989 2922 disposuit,
1016 2847 1054 2905 ut
1080 2847 1220 2923 quatuor
1246 2860 1284 2905 ex
1306 2839 1357 2905 his

133 2937 252 3019 XXXI,
277 2959 332 3004 sex
355 2959 430 3005 vero
453 2940 546 3004 XXX
569 2941 726 3006 haberent
749 2943 842 3006 dies.3

218 3039 247 3104 6.
260 3041 399 3105 Μαινῶ.
419 3042 490 3121 (sot.
511 3045 608 3123 1,13).·
623 3042 758 3119 Quando
770 3080 786 3109 a
798 3046 935 3123 primum
952 3045 1181 3108 intercalatum
1197 3045 1248 3122 sit,
1267 3045 1355 3108 varie

129 3141 281 3219 refertur,
314 3149 345 3204 et
376 3143 484 3207 Macer
517 3144 645 3223 quidem
678 3143 821 3208 Licinius
853 3145 921 3209 cius
952 3146 997 3209 rei
1033 3145 1188 3226 originem
1221 3145 1354 3209 Romulo

129 3243 308 3322 adsignat.⁴

197 3462 223 3522 1)
241 3460 346 3523 (Multis
368 3460 485 3528 personis
509 3475 581 3514 sacra
604 3460 815 3514 administranda
837 3461 999 3530 assignavit;
1023 3460 1111 3528 legem
1128 3462 1228 3528 posuit,
1252 3479 1282 3516 ex
1299 3463 1354 3516 sin-

126 3545 199 3612 gulis
218 3544 298 3598 curiis
317 3545 381 3598 duos
400 3545 491 3608 creari,
509 3546 530 3599 L
550 3547 626 3600 annis
644 3544 766 3607 maiores,
789 3561 852 3613 quos
870 3561 922 3599 non
944 3545 978 3599 ad
996 3547 1098 3598 certum
1119 3545 1226 3614 aliquod
1249 3551 1354 3613 tempus
1411 3559 1417 3568 ·

126 3629 238 3682 honores
264 3629 330 3683 istos
357 3629 453 3685 habere
480 3629 635 3694 constituit,
666 3628 712 3683 sed
740 3629 868 3696 quamdiu
890 3631 1023 3694 viverent,
1055 3630 1185 3684 immunes
1212 3646 1228 3682 a
1254 3629 1353 3683 militia

125 3715 234 3780 propter
259 3716 391 3779 aetatem,
424 3715 457 3767 ab
476 3714 583 3767 urbanis
602 3732 661 3768 vero
689 3713 841 3768 muneribus
873 3732 919 3782 per
950 3715 1046 3782 legem.
1076 3714 1173 3768 Omnes
1204 3714 1352 3768 sacerdotes

123 3813 140 3849 a
183 3797 264 3856 curiis
287 3799 427 3852 constituit
451 3799 547 3866 creari,
570 3798 603 3852 ab
631 3798 822 3865 interpretibur
844 3816 906 3853 vero
927 3799 1102 3868 auspiciorum
1125 3798 1292 3862 confirmari.)
1319 3829 1353 3838 -

124 3885 150 3945 2)
162 3881 293 3936 Similiter
307 3882 391 3938 Solia.
401 3889 425 3950 1,
439 3887 480 3939 35.
489 3887 531 3938 36.
546 3914 580 3922 -
593 3885 619 3951 3)
634 3885 666 3938 cf.
676 3883 764 3937 Maca.
779 3884 795 3937 i.
810 3901 834 3938 c.
844 3888 878 3945 3:
892 3884 1015 3952 ‘primum
1029 3884 1092 3936 anui
1106 3899 1221 3937 mensem
1235 3883 1352 3952 genitori

124 3983 172 4021 suo
190 3967 274 4021 Marti
292 3968 400 4032 dicavit,
418 3985 494 4037 quem
514 3984 629 4024 mensem
644 3969 708 4022 anni
725 3968 839 4036 primum
853 3969 934 4022 fuisse
943 3968 985 4022 vel
995 3985 1025 4022 ex
1035 3969 1083 4021 hoc
1092 3968 1204 4022 maxime
1214 3967 1351 4036 probatur,

124 4051 195 4120 quod
217 4053 253 4106 ab
276 4054 330 4120 ipsc
350 4053 478 4118 Quintilis
502 4054 612 4122 quintus
636 4057 676 4108 est
700 4055 727 4105 et
746 4052 869 4122 deinceps
887 4069 933 4121 pro
951 4067 1058 4106 numero
1075 4053 1297 4108 nominabantur.
1316 4083 1349 4091 —

123 4139 150 4202 4)
170 4137 259 4190 Maec.
269 4137 357 4191 addit:
376 4138 616 4191 Ant-iasaNumam
628 4164 639 4190 ι
650 4153 781 4190 sacrorum
799 4153 877 4190 causa
894 4137 923 4190 id
936 4138 1067 4190 invenisse
1087 4137 1230 4192 contendit.
1257 4137 1351 4191 lunius

124 4221 268 4276 Servium*
278 4222 391 4288 primum
409 4222 580 4275 intercalasse
599 4223 793 4274 commemorat.
812 4251 845 4260 -
864 4221 1012 4276 Tuditanus
1030 4221 1110 4276 refert
1129 4251 1162 4260 -
1180 4220 1350 4286 decemviros,

124 4307 171 4375 qui
194 4306 220 4358 X
242 4306 342 4359 tabulis
365 4307 390 4358 ll
412 4305 593 4369 addiderunt,¹
609 4306 641 4358 de
665 4305 847 4358 intercalando
871 4307 996 4374 populum
1018 4323 1125 4376 rogasse
1147 4305 1222 4369 (XII,
1241 4306 1287 4368 11,
1305 4305 1348 4374 2);

123 4391 231 4445 Cassius
251 4389 354 4444 eosdem
373 4391 465 4444 scribit
484 4393 613 4444 auctores.
636 4387 746 4441 Fulvius
761 4392 852 4444 autem
869 4390 897 4444 id
916 4391 1057 4460 egisselll.'
1078 4391 1194 4444 Acilium
1212 4390 1347 4443 consulem

121 4475 191 4527 dicit
210 4473 243 4526 ab
262 4489 288 4526 u.
307 4490 328 4527 c.
347 4475 483 4542 annobssl,
502 4506 534 4514 -
552 4473 598 4526 sed
616 4473 663 4526 hoc
678 4472 769 4540 arguit
780 4473 863 4528 Varro
873 4474 1018 4537 scribendo,
1036 4475 1249 4544 antiquissimam
1259 4473 1347 4544 legem
