3330 5400
575 383 661 450 Leges
680 383 732 436 XII
749 383 908 437 tabularum.
1309 383 1349 447 27

210 555 239 620 9.
263 555 353 620 Plio.
376 555 420 636 (a.
444 555 472 619 lc.
495 559 546 632 18,
569 559 599 633 3,
623 555 1014 636 12):.Frugem.ar·atr0
1037 556 1218 635 quaesitam
1241 554 1351 620 furtim

125 665 224 724 noctu
247 658 376 739 pavisse
399 675 436 720 ac
459 659 597 721 secuisse
616 657 729 736 puberi
748 655 811 720 XII
830 656 896 720 tab.
915 656 1032 737 capital
1048 662 1127 735 erat,
1147 674 1351 738 suspensum-

127 779 189 843 que
214 758 324 824 Cereri
347 759 457 823 necari
479 759 644 835 iubebant,
668 793 709 802 —
732 759 894 837 impubem
917 758 1076 838 praetoris
1099 757 1261 822 arbitratu
1280 776 1352 822 ver·

129 861 239 928 bereri
262 861 453 941 noxiamque
477 860 627 940 duplione
651 859 779 924 decerni
798 857 959 942 (deciam).

215 960 263 1026 10.
288 961 361 1026 Gal.
392 963 411 1026 l.
434 961 489 1025 IV
507 962 550 1025 cd
573 961 655 1024 XII
671 961 732 1025 tab.
756 960 813 1042 (D.
836 965 887 1024 47.
912 965 941 1039 9,
966 963 1018 1043 9).·
1049 959 1110 1036 Qui
1143 961 1239 1026 aedes
1262 979 1352 1026 acer.

128 1083 243 1128 vumve
264 1061 417 1128 frumenti
439 1065 529 1128 iuxta
548 1065 675 1128 domum
691 1063 831 1145 positum
850 1063 1070 1141 combusserit,
1094 1062 1221 1127 vinctus
1239 1064 1351 1127 verbe-

129 1171 222 1230 ratus
245 1165 311 1246 igni
331 1167 438 1230 necari
456 1165 532 1246 (XII
550 1167 627 1247 tab.)
649 1166 789 1244 iubetur,
813 1165 949 1230 simodo
968 1167 1070 1230 sciens
1091 1165 1298 1245 prudensque
1316 1165 1361 1238 id,

130 1267 334 1345 commiserim
365 1268 392 1332 si
419 1285 495 1332 vero
522 1286 610 1347 casu,
636 1268 655 1330 i.
684 1284 711 1332 e.
739 1267 959 1350 neglegentia,
991 1272 1050 1331 aut
1076 1266 1202 1330 noxiam
1232 1266 1351 1330 sarcire

129 1369 268 1446 iubetur,
292 1375 358 1449 aut,
383 1369 410 1433 si
427 1369 532 1432 minus
555 1369 686 1434 idoneus
709 1369 761 1448 sit,
784 1369 885 1433 levius
908 1368 1097 1450 castigatur.

214 1469 262 1533 11.
287 1469 373 1534 Plio.
397 1470 439 1552 (a.
462 1471 490 1534 b.
512 1476 562 1548 17,
585 1475 613 1549 1,
632 1471 681 1552 7).·
703 1476 834 1536 cautum
854 1475 905 1534 est
922 1470 984 1535 XII
1003 1470 1081 1550 tab,
1101 1475 1137 1534 ut
1156 1469 1213 1552 qui
1232 1469 1351 1532 iniuria

128 1571 296 1636 cecidisset
340 1571 568 1654 (caecidissem
613 1573 733 1637 alienas
779 1569 953 1656 (arbores),
994 1572 1100 1636 lueret
1141 1572 1174 1636 in
1209 1569 1351 1651 singulas

127 1673 212 1738 aeris
235 1673 337 1739 XXV.

214 1773 262 1839 12.
287 1774 320 1840 St
332 1799 388 1840 uox
402 1800 518 1842 runruu
531 1799 641 1848 rursm,
655 1801 680 1840 sr
695 1799 726 1840 m
741 1774 853 1847 oaorem,
868 1799 934 1840 runa
949 1800 1052 1842 cassus
1065 1797 1141 1842 asro.

212 1875 261 1940 13.
283 1876 405 1960 (sr)auc1
419 1931 425 1942 .
440 1929 465 1942 ..
483 1901 824 1949 mercenariorum„
840 1931 845 1940 .
861 1932 865 1941 .
881 1879 1171 1960 rinno(qus)rnonaro.

126 2011 320 2024 -u-——u-

195 2099 236 2151 11.
256 2096 337 2150 Paul.
356 2096 399 2149 ad.
420 2096 484 2151 Sat.
504 2097 549 2165 (D.
568 2101 609 2162 47,
628 2101 651 2162 7,
670 2102 711 2156 Il:
745 2103 784 2152 'Si
802 2103 892 2152 furtim
919 2103 1018 2151 arbores
1042 2115 1127 2150 caesae
1150 2099 1215 2162 sint,
1243 2108 1267 2149 et
1286 2116 1315 2148 ex
1332 2101 1349 2149 1.

125 2179 232 2243 Aquilia
250 2187 275 2230 et
292 2196 322 2229 ex
339 2175 391 2228 XII
409 2179 458 2228 tab.
484 2179 592 2229 dandam
614 2179 753 2242 actionem,
781 2180 866 2229 Labeo
893 2174 946 2229 ait’.
982 2174 1044 2228 Gai.
1069 2175 1104 2238 (4,
1127 2172 1185 2236 Hi:
1211 2172 1286 2241 ‘quod
1310 2178 1351 2228 lex

123 2255 177 2304 XII
194 2257 244 2307 tab.
264 2273 293 2306 ex
312 2272 362 2320 qua
385 2256 415 2305 de
433 2256 530 2306 vitibus
549 2257 655 2306 succisIs
682 2257 750 2307 actio
781 2264 946 2320 competeret,
982 2254 1134 2320 generaliter
1161 2254 1190 2302 de
1217 2253 1350 2303 arboribus

124 2334 231 2383 succisis
249 2327 409 2398 loqueretur’.
447 2327 528 2383 Paul.
547 2328 585 2381 ad
601 2329 640 2384 cd.
660 2329 705 2394 (D.
724 2334 769 2393 12,
786 2333 813 2394 2,
830 2333 877 2392 28,
895 2333 935 2394 6).·
958 2330 1085 2395 ‘Colonus,
1103 2348 1160 2380 cum
1178 2347 1228 2396 quo
1246 2339 1350 2394 propter

123 2413 256 2465 succisas*
272 2412 374 2460 arbores
396 2411 520 2475 agebatur
537 2439 578 2475 -‚
597 2413 620 2462 si
639 2412 763 2463 iuraverit
776 2429 801 2462 se
820 2429 871 2462 non
885 2410 1031 2472 succidisse,
1050 2408 1103 2458 sive
1122 2408 1208 2472 alege
1226 2407 1278 2456 XII
1295 2407 1348 2456 tab.

124 2487 154 2537 de
172 2487 306 2536 arboribus
324 2486 432 2536 succisis
450 2486 504 2536 sive
522 2504 534 2536 e
552 2487 569 2535 1.
588 2488 696 2553 Aquilia
713 2513 746 2520 —
765 2487 938 2549 convenietur,
956 2511 990 2520 —
1009 2483 1109 2534 defendi
1127 2477 1238 2547 poterit’.
1258 2510 1291 2517 -
1310 2484 1348 2534 cf.

122 2560 159 2614 D.
179 2561 195 2612 l.
214 2577 235 2614 c.
254 2576 324 2628 spa:
342 2561 458 2614 ‘Caedere
476 2581 528 2614 non
546 2567 627 2615 solum
647 2577 684 2616 est
702 2565 841 2628 succidere,
860 2565 903 2614 sed
927 2561 1005 2614 etiam
1023 2559 1105 2627 ferire¹
1116 2560 1237 2610 caedendi
1256 2555 1348 2610 causa’.

192 2636 232 2689 12.
251 2636 339 2688 Meter.
359 2633 428 2699 (Sat.
447 2640 471 2698 1,
490 2640 514 2698 4,
533 2641 591 2693 19t:
608 2641 686 2692 Xuiri
704 2641 733 2690 in
750 2639 802 2689 XII
820 2640 870 2690 tab.
889 2637 1088 2690 inusitatissima
1106 2632 1172 2686 ‘nox'
1191 2654 1237 2701 pro
1252 2633 1349 2688 ‘noctu'

123 2716 255 2780 dixerunt;
281 2718 357 2768 verba
379 2718 442 2766 haec
460 2719 530 2768 sunt:
567 2731 644 2767 81-
661 2731 743 2782 usr0,
767 2720 796 2768 in
819 2718 912 2784 quibus
934 2717 1019 2768 verbis
1045 2715 1123 2764 etiam
1152 2713 1178 2761 id
1203 2715 1349 2778 notandum,

123 2793 189 2856 quod
216 2819 247 2826 -
266 2811 318 2842 non
343 2789 417 2844 ‘eum’
447 2819 478 2828 -
506 2796 549 2844 sed
575 2789 629 2844 ‘im’
648 2788 784 2844 dixerunt'.
821 2788 902 2852 (Feci.
924 2791 980 2850 Irn).
1000 2786 1067 2853 Gall,
1086 2788 1179 2852 (1,’8);
1218 2789 1302 2839 ‘Xviri
1321 2790 1349 2840 in

121 2865 174 2916 XII
192 2869 242 2917 tab.
261 2864 326 2918 ‘nox'
346 2886 392 2933 pro
411 2865 504 2920 ‘noctu'
522 2865 655 2920 dixerunt'.
676 2869 769 2934 (20,1‚
785 2869 827 2931 7).·
846 2865 942 2919 ‘duram
959 2885 1012 2918 esse
1029 2868 1112 2932 legem
1131 2873 1215 2930 putas,
1233 2883 1297 2932 quae
1316 2893 1347 2901 —

123 2952 294 2998 nocturnum*
308 2947 389 2996 furem
407 2947 539 2997 occidendi
558 2948 653 2998 tribuit
669 2942 738 2996 iusl'

198 3016 237 3068 13.
258 3017 311 3071 Ca'c.
329 3027 365 3086 (p.
383 3018 451 3071 Tull.
469 3023 517 3082 20,
536 3021 594 3081 47):
620 3019 712 3088 ‘Atque
740 3023 784 3072 ille
811 3024 879 3072 mihi
905 3023 988 3088 Iegem
1015 3024 1044 3072 de
1071 3021 1122 3071 XII
1140 3019 1193 3070 tab.
1220 3023 1349 3084 recitavit,

129 3110 192 3158 quae
210 3098 347 3162 permittit,
366 3107 393 3149 ut
410 3100 491 3149 furam
509 3111 586 3150 noctu
603 3101 681 3149 liceat
699 3101 821 3162 occidere,
840 3109 864 3149 et
882 3102 965 3163 luci,
993 3101 1019 3149 si
1047 3118 1077 3149 se
1105 3099 1167 3148 telo
1195 3099 1349 3150 defendat.

129 3165 252 3232 (21‚50):
266 3173 772 3225 Furem-IuceoccidivetantXIItab
794 3201 835 3237 -,
854 3177 919 3225 nisi
939 3193 968 3224 se
987 3175 1050 3224 telo
1068 3175 1229 3237 defendit,
1248 3176 1350 3242 inquit;

127 3248 230 3298 etiamsi
249 3267 305 3298 curn
323 3251 373 3300 telo
392 3253 498 3314 venerit,
516 3252 570 3300 nisi
585 3260 673 3312 „utetur
691 3251 741 3300 telo
759 3268 788 3300 eo
807 3267 836 3300 ac
853 3251 1018 3316 repugnabit,
1036 3268 1087 3300 non
1105 3251 1217 3311 occides,
1236 3254 1302 3318 quod
1321 3255 1350 3303 si

126 3337 302 3390 repugnat,
325 3329 550 3392 endoplorato,
576 3329 601 3376 h.
620 3345 642 3376 e.
660 3329 826 3390 conclamato,
851 3339 879 3377 ut
897 3328 981 3392 aliqui
1006 3327 1112 3375 audiant
1135 3337 1159 3375 et
1182 3326 1349 3379 conveniant'.

119 3395 216 3474 *Festa
251 3397 312 3452 ‘Sub
330 3420 374 3454 vos
391 3404 466 3469 placo
485 3405 514 3452 in
532 3403 650 3467 precibus
669 3429 700 3438 -
719 3404 747 3452 id
765 3403 832 3468 quod
856 3404 983 3468 supplico,
1010 3405 1085 3452 utin
1107 3402 1209 3466 legibus
1232 3413 1351 3470 transque

127 3479 185 3544 dato
204 3488 229 3527 et
247 3479 388 3544 endoque
406 3476 553 3544 plorato’.
590 3476 677 3530 Prisc.
698 3486 747 3545 (qr.
766 3481 790 3536 6,
809 3482 852 3540 18,
870 3479 929 3541 93).·
947 3478 1058 3531 ‘Ennius
1078 3482 1105 3530 in
1123 3479 1187 3528 XVI
1204 3481 1349 3534 annalium:

103 3625 104 3629 Ἰ
127 3556 154 3608 si
172 3555 252 3619 luci,
275 3558 298 3605 si
317 3551 383 3608 noi,
410 3582 442 3592 —
470 3558 592 3608 Dubitari
610 3569 693 3622 potest
710 3561 779 3624 inde,
797 3569 882 3610 utrum
899 3559 940 3608 lex
962 3558 1042 3608 furem
1064 3563 1177 3612 occidere
1195 3563 1351 3628 permiserit,

125 3633 152 3682 si
171 3657 214 3694 -,
241 3649 273 3682 an
290 3633 409 3698 vetuerit,
435 3635 504 3684 nisi
522 3661 563 3684 -.
601 3630 654 3685 Cic.
674 3638 699 3694 (l.
719 3635 751 3698 c.)
770 3637 847 3686 habet
873 3643 1016 3700 utrumque,
1040 3633 1102 3686 Gar.
1121 3635 1158 3687 ad
1179 3635 1218 3688 ed.
1238 3635 1284 3696 (D.
1308 3637 1350 3696 47,

125 3709 151 3768 2,
169 3709 212 3766 54,
229 3709 258 3766 2)
276 3711 354 3761 dicit:
391 3707 493 3762 ‘Furem
510 3712 626 3762 interdiu
643 3714 829 3780 deprehensum
847 3731 907 3763 non
926 3714 1022 3764 aliter
1040 3715 1153 3767 occidere
1171 3718 1212 3768 Iex
1229 3717 1281 3767 XII
1299 3720 1349 3770 tab.

127 3845 330 3854 ..ψ-...ῳ-

126 3925 195 3979 Cam
213 3934 303 3981 autern
321 3932 433 3992 constet,
451 3929 479 3982 in
497 3931 582 3998 priore
600 3947 690 3984 vocem
709 3933 754 3984 ‘ia'
772 3931 798 3984 in
819 3930 873 3984 cod.
892 3931 971 3984 Farn.
991 3933 1118 4000 scriptam
1138 3951 1189 3987 non
1209 3951 1274 3999 esse,
1293 3935 1349 3988 Mo.

125 4009 250 4074 coniecit,
274 4029 321 4078 pro
339 4013 469 4081 ‘rupitias‘
493 4015 635 4082 legendum
659 4033 716 4070 esse
739 4017 820 4084 ‘rupit
842 4017 886 4082 in,'
906 4018 972 4083 (vel,
994 4023 1025 4071 ut
1049 4018 1109 4072 Scia
1129 4023 1163 4072 96
1183 4019 1348 4088 Scaligernm

124 4098 230 4148 secutus
248 4097 361 4165 mavult,
379 4100 474 4166 ‘rupSIt
491 4101 539 4166 in')
558 4101 694 4168 locumque
713 4101 746 4154 ad
766 4101 806 4154 Fr.
826 4102 842 4154 2
861 4118 916 4155 esse
935 4102 1107 4167 referendum,
1133 4105 1185 4158 Ra.
1205 4104 1278 4157 Mus.
1297 4103 1348 4158 Pu.

124 4183 166 4248 15,
184 4183 243 4234 464.
263 4182 299 4234 At
317 4181 392 4236 Festi
414 4185 679 4252 interpretationem:
705 4188 785 4256 ‘rupit
802 4209 836 4226 Ξ
853 4186 980 4240 damnum
998 4187 1101 4242 dederit
1110 4185 1125 4251 ‚'
1142 4205 1192 4241 non
1212 4189 1349 4243 convenire

125 4281 185 4317 cum
209 4266 325 4320 membro
347 4271 427 4336 rupto
450 4273 478 4323 et
499 4270 614 4332 talione,
637 4273 708 4324 recte
731 4271 833 4324 monuit
860 4273 895 4324 A.
914 4272 1026 4326 Peraa'ee
1044 4273 1246 4340 (Sacbbcsclaid.
1261 4290 1290 4342 p.
1309 4278 1349 4341 3);

124 4350 271 4405 abolendae
289 4353 375 4420 igitar
392 4354 457 4406 licet
474 4354 529 4406 sint
548 4354 679 4421 ‘rupitias'
697 4357 774 4418 istae,
792 4358 882 4409 tamen
902 4358 979 4410 nulla
1000 4357 1077 4410 adest
1098 4358 1176 4420 ratio,
1195 4375 1240 4412 cur
1258 4359 1349 4412 sarciri

127 4453 178 4490 non
196 4437 324 4490 iusserint
342 4438 395 4492 XII
412 4438 521 4494 tabulae
539 4439 574 4504 id,
593 4439 663 4507 quod
680 4444 787 4509 praeter
805 4441 951 4495 membrum
970 4444 1028 4510 quis
1046 4442 1157 4510 ‘rupsit'
