3328 5356
656 433 771 490 Servius.
1268 435 1330 500 297

105 606 249 688 cordiae,
283 607 366 672 unde
399 606 480 672 haec
509 611 646 688 tangunt
676 610 839 688 rogantes.
881 607 956 672 Iure
970 639 985 673 a
999 605 1187 688 pontificali,
1210 607 1238 672 si
1261 607 1333 687 quis

104 708 227 776 flumini
250 745 292 756 -
317 727 422 791 genua
443 705 559 774 fuisset
580 709 757 790 amplexus
779 709 942 774 verberari
964 727 1026 774 non
1050 709 1179 774 licebat.

191 810 222 892 4,
245 808 296 875 29.
320 845 363 856 -
384 809 639 874 Flaminicam
661 810 724 875 nisi
749 829 849 876 unum
876 811 981 876 virum
1007 809 1127 876 hahere
1148 827 1211 875 non
1233 811 1334 890 licet,l

104 951 146 960 -
168 933 228 980 nec
259 911 382 978 flamini
412 911 507 976 aliam
538 911 656 978 ducere
686 913 806 978 licebat
836 931 981 994 uxorem,
1012 913 1074 978 nisi
1101 918 1334 994 postmortem

105 1016 286 1082 flaminicae
314 1014 451 1079 unoris.2
476 1011 563 1080 103.
587 1012 881 1096 coemptioaest,
903 1016 961 1082 ubi
982 1015 1065 1080 libra
1087 1020 1185 1097 atque
1204 1033 1260 1082 aes
1278 1015 1334 1080 ad·

106 1119 251 1197 hibetur,
283 1120 317 1182 et
346 1115 462 1180 mulier
490 1121 590 1199 atque
620 1117 670 1182 vir
690 1118 723 1182 in
746 1135 780 1182 se
803 1119 896 1199 quasi
919 1119 1113 1199 emptionem
1135 1116 1258 1184 faciunt
1282 1153 1332 1180 -.

107 1219 316 1302 coemptione
330 1216 418 1284 lacta
432 1217 547 1284 mulier
563 1218 596 1284 in
614 1224 810 1299 potestatem
827 1220 888 1284 viri
904 1220 1000 1300 cedit,
1014 1225 1112 1302 atque
1130 1222 1178 1286 ita
1193 1220 1333 1286 sustinet

109 1323 201 1402 (crum)
232 1320 344 1387 liberis
374 1319 592 1386 condicionem
623 1320 743 1387 liberae
772 1321 941 1387 servitutis
962 1355 1012 1382 -—.
1056 1322 1098 1386 In
1120 1339 1270 1393 manum
1291 1357 1335 1368 -

107 1423 323 1490 conventio
347 1440 384 1487 eo
407 1421 474 1486 ritu
497 1419 676 1502 perficitur,
700 1427 843 1505 utaque
867 1429 900 1488 et
922 1424 991 1504 igni
1012 1423 1181 1503 adhibitis,
1209 1423 1334 1490 duobus

106 1526 253 1592 maximis
276 1525 452 1604 elementia,
475 1528 596 1590 natura
622 1525 793 1591 coniuncta
814 1524 984 1606 habeatur,
1004 1543 1086 1607 quae
1105 1543 1156 1590 res
1175 1525 1218 1590 ad
1235 1523 1334 1590 farre·
1406 1536 1417 1595 ,’

108 1635 179 1696 atas
201 1628 335 1709 nuptias
360 1626 512 1720 pertinet,
536 1627 655 1710 quibus
677 1625 840 1694 flaminem
864 1633 898 1692 ct
920 1625 1115 1693 flaminicam
1139 1627 1208 1692 iure
1230 1625 1336 1708 pontii

108 1733 140 1796 in
153 1729 396 1796 matrimonium
412 1747 541 1794 necesse
556 1735 607 1794 est
621 1731 800 1796 convenire.
819 1727 892 1794 214.
912 1728 1078 1812 Codmptio
1098 1731 1196 1794 certis
1210 1729 1335 1794 sollem-

108 1831 269 1898 nitatibus
291 1841 337 1892 etc.
360 1827 470 1914 (Roda.
484 1841 513 1901 a,
526 1841 551 1904 3,
560 1831 617 1914 14.)
661 1829 734 1895 374.
758 1829 829 1896 Mos
844 1832 954 1912 *apud
978 1837 1103 1896 veteres
1126 1828 1190 1894 fuit
1211 1828 1334 1894 flamini

108 1954 144 2001 ac
166 1933 364 2013 flaminicae,
387 1937 423 1998 ut
445 1952 504 2014 per
526 1932 756 1999 farreationem
780 1933 812 1998 in
835 1934 966 2014 nuptias
989 1932 1209 2007 convenirent,
1237 1931 1334 2010 sellas

106 2037 187 2102 duas
209 2036 343 2116 iugatae
365 2035 440 2100 ovili
456 2034 540 2116 pelle
559 2036 778 2116 superiniecta
796 2035 881 2124 poni,
899 2070 943 2082 -
958 2039 991 2100 et
1008 2035 1054 2100 ibi
1072 2035 1230 2100 nubentes
1248 2033 1335 2098 vela·

105 2139 149 2203 tis
172 2137 337 2220 capitibus
359 2137 393 2202 in
416 2135 674 2204 confarreatione
695 2173 739 2184 -
760 2138 949 2204 residerent.

192 2237 224 2320 6,
245 2236 319 2302 431.
364 2238 452 2305 ‘Sine
473 2238 582 2305 sortd:
603 2241 672 2306 sine
695 2240 830 2319 iudici03
852 2275 894 2284 -
917 2257 955 2306 ex
977 2256 1065 2304 more
1087 2238 1248 2304 Romano:
1271 2255 1335 2300 non

107 2342 193 2406 enim
216 2339 435 2406 audiebantur
457 2359 591 2422 causae,
614 2343 677 2409 uisi
701 2361 759 2424 per
782 2346 900 2406 sortem
923 2341 1103 2406 ordinatae.
1146 2339 1229 2404 Nam
1252 2343 1335 2404 tem·

108 2459 200 2523 pore,
223 2457 287 2521 quo
311 2458 425 2507 causae
448 2443 645 2525 agebantur,
669 2443 904 2510 conveniebant
926 2459 1045 2522 omnes
1067 2442 1205 2506 undeet
1224 2442 1336 2505 ‘coaci-

108 2541 198 2607 ltum’
222 2543 284 2620 ait;
307 2547 401 2608 etex
424 2551 510 2611 sorte
533 2546 658 2612 dierum
681 2546 825 2610 ordinem
844 2544 1057 2625 accipiebant,
1077 2561 1140 2624 quo
1159 2548 1233 2624 post
1251 2543 1336 2608 diem

108 2645 312 2726 trigesimum
329 2664 405 2712 suas
423 2665 539 2713 causas
557 2652 827 2729 exsequerentur3
846 2646 1091 2712 undea‘craam
1103 2643 1220 2710 raooet'.
1243 2645 1336 2709 Iuve-

106 2746 193 2812 nalis
214 2745 268 2824 (13,
286 2745 335 2830 4):
359 2747 487 2814 ‘Gratia
505 2747 630 2814 fallacis
648 2749 810 2830 praetoris
826 2749 940 2814 vicerit
958 2747 1092 2814 urnam'.
1130 2745 1204 2812 609.
1222 2745 1337 2812 ‘Frons

104 2850 228 2914 laneca
250 2847 382 2914 clienti':
404 2851 537 2932 exlege
560 2849 623 2914 ΧΠ
645 2849 710 2915 tab.
734 2848 775 2934 (8,
797 2849 848 2933 21)
870 2852 967 2930 venit,
991 2851 1024 2916 in
1048 2849 1162 2932 quibus
1181 2850 1337 2929 scriptum

104 2955 175 3015 est:
201 2950 383 3016 ‘Patronus’
406 2963 453 3014 etc.
498 2950 532 3018 Si
556 2952 640 3017 enim
663 2952 796 3018 clientes
820 2953 914 3034 quasi
936 2953 1078 3018 colentes
1101 2956 1185 3030 sunt,
1208 2949 1337 3032 patroni

104 3051 204 3133 quasi
228 3057 347 3133 patres,
371 3053 565 3118 tantundem
589 3059 639 3119 est
661 3054 813 3120 clientem
835 3058 993 3135 quantum
1015 3052 1116 3118 lilium
1139 3051 1260 3128 fallere.

197 3151 226 3233 l,
249 3153 321 3219 601.
367 3155 472 3220 Varro
494 3156 566 3220 vult
593 3153 732 3220 ‘morem'
761 3173 961 3220 communem
985 3172 1172 3220 consensum
1196 3154 1337 3217 omnium

104 3257 206 3321 simul
220 3255 451 3338 habitantium,
464 3259 520 3340 qui
534 3259 738 3323 inveteratus
754 3258 1017 3323 consuetudinem
1036 3254 1122 3321 facit.
1145 3252 1218 3318 695.
1233 3254 1341 3319 Iustos

103 3391 119 3424 a
136 3357 221 3424 dicit
247 3355 433 3441 (Faliscos),
464 3359 540 3440 quia
567 3359 704 3440 populus
727 3359 891 3424 Romanus
917 3358 1024 3424 missis
1052 3356 1161 3422 Xviris
1193 3357 1234 3421 ab
1262 3357 1341 3437 ipsis

103 3461 185 3526 iura
207 3456 335 3526 fetialia
361 3461 491 3542 collegit
514 3466 547 3527 et
570 3460 726 3528 nonnulla
752 3461 975 3542 supplementa
997 3460 1058 3526 XII
1080 3451 1267 3526 tabularum
1289 3477 1341 3523 ac·

101 3563 209 3645 cepit,
233 3580 308 3628 nam
333 3561 374 3627 ab
397 3563 650 3631 Atheniensibus
673 3565 703 3630 X
724 3564 910 3630 habuerant
932 3562 1071 3629 tabulas.

198 3661 229 3742 8,
248 3660 321 3728 642.
347 3663 446 3729 ‘Giton
464 3701 506 3710 —
524 3664 724 3750 quadriyae';
741 3667 887 3732 Donatus
906 3664 1052 3730 hocloco
1072 3668 1185 3729 contra
1203 3667 1342 3727 metrum

102 3766 214 3832 sentit
237 3765 362 3830 dicens:
386 3765 498 3846 ‘citae’‚
522 3767 655 3848 divisae,
679 3773 717 3832 ut
740 3773 790 3833 est
812 3769 844 3832 in
867 3768 938 3832 iure
960 3769 1058 3832 ‘erato
1081 3781 1145 3830 non
1169 3759 1252 3836 cito’,
1273 3764 1292 3826 i.
1317 3780 1342 3826 e.

100 3867 309 3950 patrimonio
339 3867 391 3932 vel
419 3867 602 3934 hereditate
629 3888 693 3934 non
721 3869 838 3945 divisa;
869 3887 944 3934 nam
973 3865 1077 3932 ‘citus‘
1106 3885 1178 3932 curn
1201 3861 1342 3930 ‘divisus'

101 3967 285 4056 significat,
311 3967 358 4034 ‘ci’
380 3969 477 4051 longa
500 3975 560 4036 est.
605 3971 693 4052 Ergo
717 3968 820 4035 ‘citae’
843 3969 969 4035 veloces
992 3969 1244 4051 intellegamus3

182 4159 211 4222 1)
234 4153 346 4208 Tertull.
365 4153 397 4207 de
415 4157 577 4223 monop17:
592 4153 726 4208 ‘Pontifex
744 4155 875 4208 maximus
892 4157 920 4208 et
938 4154 1073 4208 flaminica
1089 4151 1193 4206 nubunt
1202 4149 1344 4204 semel'.-

99 4245 128 4311 2)
149 4241 224 4300 Gall.
242 4242 289 4306 10,
307 4241 350 4305 15,
367 4241 419 4292 23:
442 4238 651 4293 ‘Matrimonium
676 4238 793 4292 flaminis
814 4239 866 4292 nisi
889 4240 975 4293 morte
993 4238 1083 4292 dirimi
1100 4238 1141 4292 ins
1158 4253 1211 4292 non
1228 4236 1284 4291 est'.
1312 4234 1344 4289 ef.

100 4329 181 4385 Fect.
193 4326 343 4384 Flammea
358 4352 392 4362 -
409 4324 437 4391 3)
447 4323 537 4376 Etiam
547 4322 656 4377 Nouius
674 4322 747 4389 (181)
764 4322 847 4378 dicit:
866 4321 973 4386 ‘ditum
985 4322 1099 4376 divisum
1117 4321 1158 4376 vel
1177 4320 1345 4390 separatum',

100 4415 231 4484 allegato
257 4409 309 4464 hoc
328 4407 411 4476 Verg.
430 4406 496 4460 loco.
532 4406 649 4460 01011.
675 4405 707 4458 de
732 4421 770 4460 or.
793 4413 819 4475 1,
841 4410 890 4460 56.-
916 4409 979 4476 ‘qui‚
1001 4407 1097 4477 quibus
1118 4406 1206 4460 verbis
1224 4407 1345 4460 heretum
1401 4415 1403 4420 '

99 4501 170 4555 cieri
197 4496 341 4567 operteat,
368 4491 486 4553 nesciat,
509 4490 579 4544 idem
603 4490 791 4547 herciscundae
816 4492 934 4546 familiae
957 4509 1063 4546 cansam
1081 4507 1160 4557 agore
1178 4508 1229 4547 non
1245 4488 1345 4560 possit'.
