<?xml version="1.0" encoding="UTF-8"?>
<!DOCTYPE html PUBLIC "-//W3C//DTD XHTML 1.0 Transitional//EN"
    "http://www.w3.org/TR/xhtml1/DTD/xhtml1-transitional.dtd">
<html xmlns="http://www.w3.org/1999/xhtml" xml:lang="en" lang="en">
 <head>
  <title>
</title>
<meta http-equiv="Content-Type" content="text/html;charset=utf-8" />
  <meta name='ocr-system' content='tesseract 3.04.00' />
  <meta name='ocr-capabilities' content='ocr_page ocr_carea ocr_par ocr_line ocrx_word'/>
</head>
<body>
  <div class='ocr_page' id='page_1' title='image "./fontesiurisroma02brungoog_0166.png"; bbox 0 0 3296 5370; ppageno 0'>
   <div class='ocr_carea' id='block_1_1' title="bbox 563 403 1296 469">
    <p class='ocr_par' dir='ltr' id='par_1_1' title="bbox 563 403 1296 469">
     <span class='ocr_line' id='line_1_1' title="bbox 563 403 1296 469; baseline 0.018 -13"><span class='ocrx_word' id='word_1_1' title='bbox 563 403 675 458; x_wconf 86' lang='lat' dir='ltr'>Senatus</span> <span class='ocrx_word' id='word_1_2' title='bbox 693 405 820 459; x_wconf 77' lang='lat' dir='ltr'>consulta,</span> <span class='ocrx_word' id='word_1_3' title='bbox 1235 405 1296 469; x_wconf 84' lang='lat'>143</span> 
     </span>
    </p>
   </div>
   <div class='ocr_carea' id='block_1_2' title="bbox 12 566 1297 866">
    <p class='ocr_par' dir='ltr' id='par_1_2' title="bbox 12 566 1297 866">
     <span class='ocr_line' id='line_1_2' title="bbox 58 566 1295 660; baseline 0.011 -30"><span class='ocrx_word' id='word_1_4' title='bbox 58 566 322 650; x_wconf 76' lang='lat' dir='ltr'>tiationtis),hoc</span> <span class='ocrx_word' id='word_1_5' title='bbox 332 574 507 654; x_wconf 80' lang='lat' dir='ltr'>praecipue</span> <span class='ocrx_word' id='word_1_6' title='bbox 517 575 653 654; x_wconf 90' lang='lat' dir='ltr'>saeculo,</span> <span class='ocrx_word' id='word_1_7' title='bbox 665 594 727 658; x_wconf 89' lang='lat' dir='ltr'>quo</span> <span class='ocrx_word' id='word_1_8' title='bbox 737 577 871 641; x_wconf 86' lang='lat' dir='ltr'>excitari</span> <span class='ocrx_word' id='word_1_9' title='bbox 879 595 962 642; x_wconf 84' lang='lat' dir='ltr'>nova</span> <span class='ocrx_word' id='word_1_10' title='bbox 974 573 1295 660; x_wconf 70' lang='lat' dir='ltr'>letornariunive&#39;rsa</span> 
     </span>
     <span class='ocr_line' id='line_1_3' title="bbox 12 669 1296 761; baseline 0.009 -28"><span class='ocrx_word' id='word_1_11' title='bbox 12 675 13 678; x_wconf 76' lang='grc'>’</span> <span class='ocrx_word' id='word_1_12' title='bbox 60 670 184 750; x_wconf 90' lang='lat' dir='ltr'>quibus</span> <span class='ocrx_word' id='word_1_13' title='bbox 199 669 348 738; x_wconf 82' lang='lat' dir='ltr'>felicitas</span> <span class='ocrx_word' id='word_1_14' title='bbox 364 672 451 742; x_wconf 84' lang='lat' dir='ltr'>orbis</span> <span class='ocrx_word' id='word_1_15' title='bbox 468 676 639 760; x_wconf 75' lang='lat' dir='ltr'>terralrum</span> <span class='ocrx_word' id='word_1_16' title='bbox 657 677 851 759; x_wconf 82' lang='lat' dir='ltr'>splenderet,</span> <span class='ocrx_word' id='word_1_17' title='bbox 870 680 974 760; x_wconf 83' lang='lat' dir='ltr'>magis</span> <span class='ocrx_word' id='word_1_18' title='bbox 988 681 1179 759; x_wconf 88' lang='lat' dir='ltr'>conveniret,</span> <span class='ocrx_word' id='word_1_19' title='bbox 1200 698 1296 761; x_wconf 88' lang='lat' dir='ltr'>quarn</span> 
     </span>
     <span class='ocr_line' id='line_1_4' title="bbox 57 772 1297 866; baseline 0.008 -32"><span class='ocrx_word' id='word_1_20' title='bbox 57 773 166 840; x_wconf 88' lang='lat' dir='ltr'>ruinis</span> <span class='ocrx_word' id='word_1_21' title='bbox 186 772 414 842; x_wconf 85' lang='lat' dir='ltr'>aedificiorum</span> <span class='ocrx_word' id='word_1_22' title='bbox 422 779 523 844; x_wconf 90' lang='lat' dir='ltr'>ullam</span> <span class='ocrx_word' id='word_1_23' title='bbox 537 784 662 859; x_wconf 91' lang='lat' dir='ltr'>partem</span> <span class='ocrx_word' id='word_1_24' title='bbox 672 778 845 845; x_wconf 78' lang='lat' dir='ltr'>deformem</span> <span class='ocrx_word' id='word_1_25' title='bbox 856 775 971 866; x_wconf 78' lang='lat' dir='ltr'>[reddi]</span> <span class='ocrx_word' id='word_1_26' title='bbox 991 781 995 864; x_wconf 89' lang='grc' dir='ltr'>Ι</span> <span class='ocrx_word' id='word_1_27' title='bbox 1015 781 1130 846; x_wconf 90' lang='lat' dir='ltr'>ltaliae</span> <span class='ocrx_word' id='word_1_28' title='bbox 1145 785 1178 844; x_wconf 89' lang='lat' dir='ltr'>et</span> <span class='ocrx_word' id='word_1_29' title='bbox 1191 781 1297 846; x_wconf 90' lang='lat' dir='ltr'>adhuc</span> 
     </span>
    </p>
   </div>
   <div class='ocr_carea' id='block_1_3' title="bbox 59 875 1347 1067">
    <p class='ocr_par' dir='ltr' id='par_1_3' title="bbox 59 875 1347 1067">
     <span class='ocr_line' id='line_1_5' title="bbox 59 875 1296 965; baseline 0.008 -28"><span class='ocrx_word' id='word_1_30' title='bbox 59 875 208 939; x_wconf 91' lang='lat' dir='ltr'>retinere</span> <span class='ocrx_word' id='word_1_31' title='bbox 233 877 383 957; x_wconf 84' lang='lat' dir='ltr'>priorum</span> <span class='ocrx_word' id='word_1_32' title='bbox 407 885 612 960; x_wconf 88' lang='lat' dir='ltr'>temporum.</span> <span class='ocrx_word' id='word_1_33' title='bbox 632 932 638 945; x_wconf 93' lang='lat'>.</span> <span class='ocrx_word' id='word_1_34' title='bbox 655 928 662 940; x_wconf 92' lang='lat'><em>.</em></span> <span class='ocrx_word' id='word_1_35' title='bbox 682 877 686 965; x_wconf 84' lang='grc'>1</span> <span class='ocrx_word' id='word_1_36' title='bbox 706 881 754 946; x_wconf 88' lang='lat' dir='ltr'>ita</span> <span class='ocrx_word' id='word_1_37' title='bbox 769 885 806 949; x_wconf 95' lang='lat' dir='ltr'>ut</span> <span class='ocrx_word' id='word_1_38' title='bbox 825 882 987 946; x_wconf 81' lang='lat' dir='ltr'>diceretur</span> <span class='ocrx_word' id='word_1_39' title='bbox 1005 886 1170 947; x_wconf 91' lang='lat' dir='ltr'>senectute</span> <span class='ocrx_word' id='word_1_40' title='bbox 1188 885 1296 948; x_wconf 83' lang='lat' dir='ltr'>actum</span> 
     </span>
     <span class='ocr_line' id='line_1_6' title="bbox 92 973 1347 1067; baseline 0.012 -28"><span class='ocrx_word' id='word_1_41' title='bbox 92 1026 99 1039; x_wconf 92' lang='lat'><strong><em>.</em></strong></span> <span class='ocrx_word' id='word_1_42' title='bbox 123 1026 130 1040; x_wconf 92' lang='lat'><strong>.</strong></span> <span class='ocrx_word' id='word_1_43' title='bbox 156 1027 164 1042; x_wconf 87' lang='lat'><strong>.</strong></span> <span class='ocrx_word' id='word_1_44' title='bbox 187 975 192 1062; x_wconf 89' lang='grc' dir='ltr'>Ι</span> <span class='ocrx_word' id='word_1_45' title='bbox 214 973 392 1044; x_wconf 88' lang='lat' dir='ltr'>Censuere.</span> <span class='ocrx_word' id='word_1_46' title='bbox 438 980 476 1043; x_wconf 92' lang='lat' dir='ltr'>In</span> <span class='ocrx_word' id='word_1_47' title='bbox 499 986 614 1046; x_wconf 90' lang='lat' dir='ltr'>senatu</span> <span class='ocrx_word' id='word_1_48' title='bbox 637 979 794 1067; x_wconf 74' lang='lat' dir='ltr'>[oerum]</span> <span class='ocrx_word' id='word_1_49' title='bbox 817 1033 824 1048; x_wconf 92' lang='lat'>.</span> <span class='ocrx_word' id='word_1_50' title='bbox 848 1033 855 1048; x_wconf 92' lang='lat'><strong>.</strong></span> <span class='ocrx_word' id='word_1_51' title='bbox 880 1035 886 1047; x_wconf 93' lang='lat'>.</span> <span class='ocrx_word' id='word_1_52' title='bbox 912 1032 918 1047; x_wconf 94' lang='lat'>.</span> <span class='ocrx_word' id='word_1_53' title='bbox 1224 1021 1226 1028; x_wconf 95' lang='lat'>·</span> <span class='ocrx_word' id='word_1_54' title='bbox 1305 999 1347 1054; x_wconf 83' lang='lat'>45.</span> 
     </span>
    </p>
   </div>
   <div class='ocr_carea' id='block_1_4' title="bbox 292 1114 993 1200">
    <p class='ocr_par' dir='ltr' id='par_1_4' title="bbox 292 1114 993 1200">
     <span class='ocr_line' id='line_1_7' title="bbox 292 1114 993 1200; baseline 0.004 -22"><span class='ocrx_word' id='word_1_55' title='bbox 292 1151 297 1169; x_wconf 78' lang='lat'><em>.</em></span> <span class='ocrx_word' id='word_1_56' title='bbox 380 1114 408 1178; x_wconf 90' lang='grc'>4.</span> <span class='ocrx_word' id='word_1_57' title='bbox 432 1115 492 1181; x_wconf 87' lang='lat' dir='ltr'>SC.</span> <span class='ocrx_word' id='word_1_58' title='bbox 521 1116 839 1200; x_wconf 84' lang='lat' dir='ltr'>Trebellianum,</span> <span class='ocrx_word' id='word_1_59' title='bbox 868 1139 896 1184; x_wconf 90' lang='lat' dir='ltr'>a.</span> <span class='ocrx_word' id='word_1_60' title='bbox 925 1117 993 1183; x_wconf 59' lang='lat'>57}</span> 
     </span>
    </p>
   </div>
   <div class='ocr_carea' id='block_1_5' title="bbox 12 1233 1300 2336">
    <p class='ocr_par' dir='ltr' id='par_1_5' title="bbox 59 1233 1299 1518">
     <span class='ocr_line' id='line_1_8' title="bbox 150 1233 1297 1319; baseline 0.003 -19"><span class='ocrx_word' id='word_1_61' title='bbox 150 1234 245 1316; x_wconf 79' lang='lat' dir='ltr'>(Uip.</span> <span class='ocrx_word' id='word_1_62' title='bbox 263 1233 284 1298; x_wconf 84' lang='lat' dir='ltr'>l.</span> <span class='ocrx_word' id='word_1_63' title='bbox 307 1235 375 1300; x_wconf 90' lang='grc' dir='ltr'>ΙΙΙ</span> <span class='ocrx_word' id='word_1_64' title='bbox 394 1237 510 1318; x_wconf 66' lang='lat' dir='ltr'>dileto:</span> <span class='ocrx_word' id='word_1_65' title='bbox 529 1234 677 1302; x_wconf 82' lang='lat' dir='ltr'>‘Factum</span> <span class='ocrx_word' id='word_1_66' title='bbox 696 1243 745 1303; x_wconf 89' lang='lat' dir='ltr'>est</span> <span class='ocrx_word' id='word_1_67' title='bbox 761 1237 818 1303; x_wconf 83' lang='lat' dir='ltr'>SC.</span> <span class='ocrx_word' id='word_1_68' title='bbox 838 1239 1037 1319; x_wconf 81' lang='lat' dir='ltr'>temporibus</span> <span class='ocrx_word' id='word_1_69' title='bbox 1052 1235 1190 1303; x_wconf 91' lang='lat' dir='ltr'>Neronis</span> <span class='ocrx_word' id='word_1_70' title='bbox 1209 1237 1297 1304; x_wconf 86' lang='lat' dir='ltr'>Vlll.</span> 
     </span>
     <span class='ocr_line' id='line_1_9' title="bbox 59 1327 1299 1419; baseline 0.006 -21"><span class='ocrx_word' id='word_1_71' title='bbox 59 1335 124 1399; x_wconf 89' lang='lat' dir='ltr'>hal.</span> <span class='ocrx_word' id='word_1_72' title='bbox 149 1334 253 1418; x_wconf 78' lang='lat' dir='ltr'>Sept,</span> <span class='ocrx_word' id='word_1_73' title='bbox 277 1336 414 1403; x_wconf 86' lang='lat' dir='ltr'>Annaeo</span> <span class='ocrx_word' id='word_1_74' title='bbox 438 1327 559 1405; x_wconf 87' lang='lat' dir='ltr'>Seneca</span> <span class='ocrx_word' id='word_1_75' title='bbox 581 1345 614 1404; x_wconf 88' lang='lat' dir='ltr'>et</span> <span class='ocrx_word' id='word_1_76' title='bbox 637 1339 795 1405; x_wconf 89' lang='lat' dir='ltr'>Trebellio</span> <span class='ocrx_word' id='word_1_77' title='bbox 818 1340 959 1405; x_wconf 89' lang='lat' dir='ltr'>Maximo</span> <span class='ocrx_word' id='word_1_78' title='bbox 982 1357 1058 1419; x_wconf 86' lang='lat' dir='ltr'>cos,</span> <span class='ocrx_word' id='word_1_79' title='bbox 1087 1339 1179 1404; x_wconf 84' lang='lat' dir='ltr'>ouius</span> <span class='ocrx_word' id='word_1_80' title='bbox 1200 1341 1299 1405; x_wconf 86' lang='lat' dir='ltr'>verba</span> 
     </span>
     <span class='ocr_line' id='line_1_10' title="bbox 62 1433 286 1518; baseline 0.013 -17"><span class='ocrx_word' id='word_1_81' title='bbox 62 1437 144 1503; x_wconf 87' lang='lat' dir='ltr'>haee</span> <span class='ocrx_word' id='word_1_82' title='bbox 168 1433 286 1518; x_wconf 84' lang='lat' dir='ltr'>sunt&#39;:)</span> 
     </span>
    </p>

    <p class='ocr_par' dir='ltr' id='par_1_6' title="bbox 61 1540 1300 2033">
     <span class='ocr_line' id='line_1_11' title="bbox 149 1540 1298 1624; baseline 0.003 -19"><span class='ocrx_word' id='word_1_83' title='bbox 149 1540 234 1606; x_wconf 83' lang='lat' dir='ltr'>Cum</span> <span class='ocrx_word' id='word_1_84' title='bbox 268 1547 356 1608; x_wconf 89' lang='lat' dir='ltr'>esset</span> <span class='ocrx_word' id='word_1_85' title='bbox 378 1544 624 1624; x_wconf 87' lang='lat' dir='ltr'>aequissimum,</span> <span class='ocrx_word' id='word_1_86' title='bbox 647 1546 680 1608; x_wconf 89' lang='lat' dir='ltr'>in</span> <span class='ocrx_word' id='word_1_87' title='bbox 713 1544 860 1609; x_wconf 88' lang='lat' dir='ltr'>omnibus</span> <span class='ocrx_word' id='word_1_88' title='bbox 881 1541 1184 1609; x_wconf 86' lang='lat' dir='ltr'>fideicommissariis</span> <span class='ocrx_word' id='word_1_89' title='bbox 1206 1543 1298 1608; x_wconf 89' lang='lat' dir='ltr'>here·</span> 
     </span>
     <span class='ocr_line' id='line_1_12' title="bbox 63 1642 1295 1727; baseline 0.002 -21"><span class='ocrx_word' id='word_1_90' title='bbox 63 1642 238 1725; x_wconf 76' lang='lat' dir='ltr'>ditatibuS,</span> <span class='ocrx_word' id='word_1_91' title='bbox 260 1645 369 1726; x_wconf 86' lang='lat' dir='ltr'>siqua</span> <span class='ocrx_word' id='word_1_92' title='bbox 388 1645 427 1710; x_wconf 93' lang='lat' dir='ltr'>de</span> <span class='ocrx_word' id='word_1_93' title='bbox 445 1646 495 1710; x_wconf 92' lang='lat' dir='ltr'>his</span> <span class='ocrx_word' id='word_1_94' title='bbox 514 1646 605 1711; x_wconf 92' lang='lat' dir='ltr'>bonis</span> <span class='ocrx_word' id='word_1_95' title='bbox 624 1647 743 1711; x_wconf 88' lang='lat' dir='ltr'>iudicia</span> <span class='ocrx_word' id='word_1_96' title='bbox 761 1647 947 1727; x_wconf 87' lang='lat' dir='ltr'>penderent,</span> <span class='ocrx_word' id='word_1_97' title='bbox 965 1665 1004 1710; x_wconf 86' lang='lat' dir='ltr'>ex</span> <span class='ocrx_word' id='word_1_98' title='bbox 1021 1645 1088 1710; x_wconf 76' lang='lat' dir='ltr'>his²</span> <span class='ocrx_word' id='word_1_99' title='bbox 1106 1664 1159 1711; x_wconf 85' lang='lat' dir='ltr'>eos</span> <span class='ocrx_word' id='word_1_100' title='bbox 1175 1645 1295 1723; x_wconf 90' lang='lat' dir='ltr'>subire,</span> 
     </span>
     <span class='ocr_line' id='line_1_13' title="bbox 61 1745 1300 1837; baseline 0.003 -29"><span class='ocrx_word' id='word_1_101' title='bbox 61 1745 95 1808; x_wconf 93' lang='lat' dir='ltr'>in</span> <span class='ocrx_word' id='word_1_102' title='bbox 104 1765 190 1828; x_wconf 91' lang='lat' dir='ltr'>quos</span> <span class='ocrx_word' id='word_1_103' title='bbox 207 1747 262 1811; x_wconf 90' lang='lat' dir='ltr'>ius</span> <span class='ocrx_word' id='word_1_104' title='bbox 271 1745 459 1837; x_wconf 88' lang='lat' dir='ltr'>fructusque</span> <span class='ocrx_word' id='word_1_105' title='bbox 469 1747 706 1814; x_wconf 82' lang='lat' dir='ltr'>transferretur</span> <span class='ocrx_word' id='word_1_106' title='bbox 718 1799 725 1828; x_wconf 97' lang='lat'>,</span> <span class='ocrx_word' id='word_1_107' title='bbox 736 1748 844 1828; x_wconf 90' lang='lat' dir='ltr'>potius</span> <span class='ocrx_word' id='word_1_108' title='bbox 854 1765 951 1828; x_wconf 89' lang='lat' dir='ltr'>quarn</span> <span class='ocrx_word' id='word_1_109' title='bbox 963 1748 1077 1829; x_wconf 82' lang='lat' dir='ltr'>cuique</span> <span class='ocrx_word' id='word_1_110' title='bbox 1087 1747 1300 1828; x_wconf 87' lang='lat' dir='ltr'>periculosam</span> 
     </span>
     <span class='ocr_line' id='line_1_14' title="bbox 63 1846 1298 1932; baseline 0.002 -20"><span class='ocrx_word' id='word_1_111' title='bbox 63 1865 136 1912; x_wconf 89' lang='lat' dir='ltr'>esse</span> <span class='ocrx_word' id='word_1_112' title='bbox 152 1846 254 1913; x_wconf 89' lang='lat' dir='ltr'>fidem</span> <span class='ocrx_word' id='word_1_113' title='bbox 274 1867 379 1912; x_wconf 90' lang='lat' dir='ltr'>suam:</span> <span class='ocrx_word' id='word_1_114' title='bbox 399 1849 513 1929; x_wconf 87' lang='lat' dir='ltr'>placet,</span> <span class='ocrx_word' id='word_1_115' title='bbox 526 1854 563 1914; x_wconf 92' lang='lat' dir='ltr'>ut</span> <span class='ocrx_word' id='word_1_116' title='bbox 579 1851 731 1930; x_wconf 86' lang='lat' dir='ltr'>actiones,</span> <span class='ocrx_word' id='word_1_117' title='bbox 751 1868 832 1931; x_wconf 88' lang='lat' dir='ltr'>quae</span> <span class='ocrx_word' id='word_1_118' title='bbox 850 1849 883 1913; x_wconf 92' lang='lat' dir='ltr'>in</span> <span class='ocrx_word' id='word_1_119' title='bbox 897 1849 1048 1914; x_wconf 89' lang='lat' dir='ltr'>heredem</span> <span class='ocrx_word' id='word_1_120' title='bbox 1061 1849 1298 1932; x_wconf 86' lang='lat' dir='ltr'>heredibusque</span> 
     </span>
     <span class='ocr_line' id='line_1_15' title="bbox 65 1948 1299 2033; baseline 0.002 -19"><span class='ocrx_word' id='word_1_121' title='bbox 65 1949 139 2014; x_wconf 92' lang='lat' dir='ltr'>dari</span> <span class='ocrx_word' id='word_1_122' title='bbox 163 1950 285 2028; x_wconf 85' lang='lat' dir='ltr'>solent,</span> <span class='ocrx_word' id='word_1_123' title='bbox 309 1968 365 2013; x_wconf 88' lang='lat' dir='ltr'>eas</span> <span class='ocrx_word' id='word_1_124' title='bbox 387 1968 490 2031; x_wconf 90' lang='lat' dir='ltr'>neque</span> <span class='ocrx_word' id='word_1_125' title='bbox 504 1951 546 2015; x_wconf 93' lang='lat' dir='ltr'>in</span> <span class='ocrx_word' id='word_1_126' title='bbox 568 1969 622 2016; x_wconf 89' lang='lat' dir='ltr'>eos</span> <span class='ocrx_word' id='word_1_127' title='bbox 644 1970 746 2033; x_wconf 86' lang='lat' dir='ltr'>neque</span> <span class='ocrx_word' id='word_1_128' title='bbox 769 1951 819 2015; x_wconf 94' lang='lat' dir='ltr'>his</span> <span class='ocrx_word' id='word_1_129' title='bbox 842 1951 921 2030; x_wconf 92' lang='lat' dir='ltr'>dari,</span> <span class='ocrx_word' id='word_1_130' title='bbox 945 1952 1001 2032; x_wconf 91' lang='lat' dir='ltr'>qui</span> <span class='ocrx_word' id='word_1_131' title='bbox 1027 1948 1102 2015; x_wconf 90' lang='lat' dir='ltr'>fidei</span> <span class='ocrx_word' id='word_1_132' title='bbox 1121 1968 1200 2015; x_wconf 88' lang='lat' dir='ltr'>suae</span> <span class='ocrx_word' id='word_1_133' title='bbox 1215 1970 1299 2016; x_wconf 90' lang='lat' dir='ltr'>com·</span> 
     </span>
    </p>

    <p class='ocr_par' dir='ltr' id='par_1_7' title="bbox 12 2047 1300 2336">
     <span class='ocr_line' id='line_1_16' title="bbox 63 2051 1299 2133; baseline 0.002 -18.92"><span class='ocrx_word' id='word_1_134' title='bbox 63 2051 207 2115; x_wconf 88' lang='lat' dir='ltr'>missum</span> <span class='ocrx_word' id='word_1_135' title='bbox 242 2051 302 2129; x_wconf 90' lang='lat' dir='ltr'>sic,</span> <span class='ocrx_word' id='word_1_136' title='bbox 334 2051 383 2114; x_wconf 90' lang='lat' dir='ltr'>uti</span> <span class='ocrx_word' id='word_1_137' title='bbox 405 2051 511 2133; x_wconf 82' lang='lat' dir='ltr'>rogati</span> <span class='ocrx_word' id='word_1_138' title='bbox 534 2057 654 2128; x_wconf 85' lang='lat' dir='ltr'>essent,</span> <span class='ocrx_word' id='word_1_139' title='bbox 685 2053 919 2132; x_wconf 87' lang='lat' dir='ltr'>restituissent,</span> <span class='ocrx_word' id='word_1_140' title='bbox 891 2053 1008 2117; x_wconf 88' lang='lat' dir='ltr'>tsed</span> <span class='ocrx_word' id='word_1_141' title='bbox 1030 2053 1147 2116; x_wconf 92' lang='lat' dir='ltr'>hist</span> <span class='ocrx_word' id='word_1_142' title='bbox 1114 2057 1147 2116; x_wconf 93' lang='lat' dir='ltr'>et</span> <span class='ocrx_word' id='word_1_143' title='bbox 1179 2053 1212 2116; x_wconf 93' lang='lat' dir='ltr'>in</span> <span class='ocrx_word' id='word_1_144' title='bbox 1235 2071 1299 2131; x_wconf 92' lang='lat' dir='ltr'>eos,</span> 
     </span>
     <span class='ocr_line' id='line_1_17' title="bbox 12 2151 1300 2236; baseline 0.003 -22"><span class='ocrx_word' id='word_1_145' title='bbox 12 2159 14 2168; x_wconf 79' lang='grc'>’</span> <span class='ocrx_word' id='word_1_146' title='bbox 64 2151 190 2233; x_wconf 88' lang='lat' dir='ltr'>quibus</span> <span class='ocrx_word' id='word_1_147' title='bbox 210 2169 250 2215; x_wconf 87' lang='lat' dir='ltr'>ex</span> <span class='ocrx_word' id='word_1_148' title='bbox 261 2156 310 2216; x_wconf 90' lang='lat' dir='ltr'>tes</span> <span class='ocrx_word' id='word_1_149' title='bbox 313 2156 456 2216; x_wconf 86' lang='lat' dir='ltr'>tamenta</span> <span class='ocrx_word' id='word_1_150' title='bbox 472 2151 751 2218; x_wconf 86' lang='lat' dir='ltr'>fideicommissum</span> <span class='ocrx_word' id='word_1_151' title='bbox 766 2154 861 2218; x_wconf 90' lang='lat' dir='ltr'>restit</span> <span class='ocrx_word' id='word_1_152' title='bbox 863 2157 955 2218; x_wconf 92' lang='lat' dir='ltr'>utum</span> <span class='ocrx_word' id='word_1_153' title='bbox 973 2151 1099 2218; x_wconf 87' lang='lat' dir='ltr'>fuisset:</span> <span class='ocrx_word' id='word_1_154' title='bbox 1116 2173 1179 2236; x_wconf 88' lang='lat' dir='ltr'>quo</span> <span class='ocrx_word' id='word_1_155' title='bbox 1196 2155 1300 2236; x_wconf 85' lang='lat' dir='ltr'>magis</span> 
     </span>
     <span class='ocr_line' id='line_1_18' title="bbox 12 2245 1203 2336; baseline 0.003 -20"><span class='ocrx_word' id='word_1_156' title='bbox 12 2245 14 2270; x_wconf 72' lang='grc'>”</span> <span class='ocrx_word' id='word_1_157' title='bbox 64 2253 105 2318; x_wconf 93' lang='lat' dir='ltr'>in</span> <span class='ocrx_word' id='word_1_158' title='bbox 129 2253 297 2336; x_wconf 88' lang='lat' dir='ltr'>reliquum</span> <span class='ocrx_word' id='word_1_159' title='bbox 321 2251 508 2319; x_wconf 84' lang='lat' dir='ltr'>confirment</span> <span class='ocrx_word' id='word_1_160' title='bbox 495 2259 549 2319; x_wconf 93' lang='lat' dir='ltr'>tur</span> <span class='ocrx_word' id='word_1_161' title='bbox 571 2274 741 2336; x_wconf 88' lang='lat' dir='ltr'>supremae</span> <span class='ocrx_word' id='word_1_162' title='bbox 764 2253 988 2320; x_wconf 88' lang='lat' dir='ltr'>defunctorum</span> <span class='ocrx_word' id='word_1_163' title='bbox 1010 2256 1158 2321; x_wconf 86' lang='lat' dir='ltr'>voluntat</span> <span class='ocrx_word' id='word_1_164' title='bbox 1145 2262 1203 2322; x_wconf 91' lang='lat' dir='ltr'>tes</span> 
     </span>
    </p>
   </div>
   <div class='ocr_carea' id='block_1_6' title="bbox 323 2387 1108 2471">
    <p class='ocr_par' dir='ltr' id='par_1_8' title="bbox 323 2387 1108 2471">
     <span class='ocr_line' id='line_1_19' title="bbox 323 2387 1108 2471; baseline -0.011 -12"><span class='ocrx_word' id='word_1_165' title='bbox 323 2389 352 2457; x_wconf 82' lang='lat'>5.</span> <span class='ocrx_word' id='word_1_166' title='bbox 397 2390 457 2456; x_wconf 87' lang='lat' dir='ltr'>SC.</span> <span class='ocrx_word' id='word_1_167' title='bbox 487 2391 822 2471; x_wconf 86' lang='lat' dir='ltr'>Macedonianum,</span> <span class='ocrx_word' id='word_1_168' title='bbox 849 2411 878 2470; x_wconf 82' lang='lat' dir='ltr'>a.</span> <span class='ocrx_word' id='word_1_169' title='bbox 901 2387 1064 2455; x_wconf 74' lang='lat'><strong>69-79.³&#39;</strong></span> <span class='ocrx_word' id='word_1_170' title='bbox 1105 2411 1108 2418; x_wconf 91' lang='lat'>·</span> 
     </span>
    </p>
   </div>
   <div class='ocr_carea' id='block_1_7' title="bbox 156 2483 1298 2694">
    <p class='ocr_par' dir='ltr' id='par_1_9' title="bbox 156 2483 1298 2694">
     <span class='ocr_line' id='line_1_20' title="bbox 156 2483 1297 2594; baseline -0.001 -17"><span class='ocrx_word' id='word_1_171' title='bbox 156 2508 254 2594; x_wconf 78' lang='lat' dir='ltr'>(Uip.</span> <span class='ocrx_word' id='word_1_172' title='bbox 277 2510 297 2576; x_wconf 88' lang='lat' dir='ltr'>l.</span> <span class='ocrx_word' id='word_1_173' title='bbox 319 2510 450 2574; x_wconf 90' lang='lat' dir='ltr'><em>XXIX</em></span> <span class='ocrx_word' id='word_1_174' title='bbox 465 2514 509 2574; x_wconf 84' lang='lat' dir='ltr'>acl</span> <span class='ocrx_word' id='word_1_175' title='bbox 526 2483 584 2576; x_wconf 80' lang='lat' dir='ltr'>ed:</span> <span class='ocrx_word' id='word_1_176' title='bbox 596 2501 719 2576; x_wconf 77' lang='lat' dir='ltr'>‘Verba</span> <span class='ocrx_word' id='word_1_177' title='bbox 743 2509 820 2575; x_wconf 81' lang='lat' dir='ltr'>suu</span> <span class='ocrx_word' id='word_1_178' title='bbox 834 2509 1063 2576; x_wconf 89' lang='lat' dir='ltr'>Macedoniani</span> <span class='ocrx_word' id='word_1_179' title='bbox 1081 2509 1162 2576; x_wconf 89' lang='lat' dir='ltr'>haec</span> <span class='ocrx_word' id='word_1_180' title='bbox 1185 2505 1297 2592; x_wconf 86' lang='lat' dir='ltr'>sunt&#39;:)</span> 
     </span>
     <span class='ocr_line' id='line_1_21' title="bbox 157 2611 1298 2694; baseline 0 -16"><span class='ocrx_word' id='word_1_181' title='bbox 157 2611 241 2678; x_wconf 87' lang='lat' dir='ltr'>Cum</span> <span class='ocrx_word' id='word_1_182' title='bbox 263 2613 349 2678; x_wconf 91' lang='lat' dir='ltr'>inter</span> <span class='ocrx_word' id='word_1_183' title='bbox 371 2618 495 2678; x_wconf 90' lang='lat' dir='ltr'>ceteras</span> <span class='ocrx_word' id='word_1_184' title='bbox 519 2613 647 2678; x_wconf 86' lang='lat' dir='ltr'>sceleris</span> <span class='ocrx_word' id='word_1_185' title='bbox 670 2631 786 2678; x_wconf 88' lang='lat' dir='ltr'>causas</span> <span class='ocrx_word' id='word_1_186' title='bbox 808 2613 959 2692; x_wconf 90' lang='lat' dir='ltr'>Macedo,</span> <span class='ocrx_word' id='word_1_187' title='bbox 991 2629 1071 2694; x_wconf 88' lang='lat' dir='ltr'>quas</span> <span class='ocrx_word' id='word_1_188' title='bbox 1100 2613 1147 2678; x_wconf 91' lang='lat' dir='ltr'>illi</span> <span class='ocrx_word' id='word_1_189' title='bbox 1177 2618 1298 2678; x_wconf 89' lang='lat' dir='ltr'>natura</span> 
     </span>
    </p>
   </div>
   <div class='ocr_carea' id='block_1_8' title="bbox 12 2714 1298 3402">
    <p class='ocr_par' dir='ltr' id='par_1_10' title="bbox 12 2714 1298 3402">
     <span class='ocr_line' id='line_1_22' title="bbox 12 2714 1294 2796; baseline 0.002 -17"><span class='ocrx_word' id='word_1_190' title='bbox 12 2747 14 2790; x_wconf 67' lang='grc' dir='ltr'>ι</span> <span class='ocrx_word' id='word_1_191' title='bbox 67 2714 333 2794; x_wconf 81' lang='lat' dir='ltr'>administrabat,</span> <span class='ocrx_word' id='word_1_192' title='bbox 358 2715 456 2780; x_wconf 89' lang='lat' dir='ltr'>etiam</span> <span class='ocrx_word' id='word_1_193' title='bbox 480 2734 535 2780; x_wconf 88' lang='lat' dir='ltr'>aes</span> <span class='ocrx_word' id='word_1_194' title='bbox 557 2715 697 2780; x_wconf 90' lang='lat' dir='ltr'>alienum</span> <span class='ocrx_word' id='word_1_195' title='bbox 721 2715 922 2780; x_wconf 86' lang='lat' dir='ltr'>adhibuisset</span> <span class='ocrx_word' id='word_1_196' title='bbox 951 2719 984 2778; x_wconf 89' lang='lat' dir='ltr'>et</span> <span class='ocrx_word' id='word_1_197' title='bbox 1011 2733 1106 2796; x_wconf 91' lang='lat' dir='ltr'>saepe</span> <span class='ocrx_word' id='word_1_198' title='bbox 1124 2716 1294 2781; x_wconf 87' lang='lat' dir='ltr'>materiam</span> 
     </span>
     <span class='ocr_line' id='line_1_23' title="bbox 12 2815 1296 2901; baseline 0.002 -21"><span class='ocrx_word' id='word_1_199' title='bbox 12 2849 14 2892; x_wconf 49' lang='grc' dir='ltr'>ι</span> <span class='ocrx_word' id='word_1_200' title='bbox 68 2817 230 2896; x_wconf 86' lang='lat' dir='ltr'>peccandi</span> <span class='ocrx_word' id='word_1_201' title='bbox 248 2818 342 2882; x_wconf 90' lang='lat' dir='ltr'>malis</span> <span class='ocrx_word' id='word_1_202' title='bbox 360 2819 501 2883; x_wconf 87' lang='lat' dir='ltr'>moribus</span> <span class='ocrx_word' id='word_1_203' title='bbox 519 2822 710 2898; x_wconf 87' lang='lat' dir='ltr'>praestaret,</span> <span class='ocrx_word' id='word_1_204' title='bbox 730 2819 785 2899; x_wconf 93' lang='lat' dir='ltr'>qui</span> <span class='ocrx_word' id='word_1_205' title='bbox 803 2816 974 2898; x_wconf 86' lang='lat' dir='ltr'>pecuniam</span> <span class='ocrx_word' id='word_1_206' title='bbox 989 2815 1043 2901; x_wconf 91' lang='lat' dir='ltr'>(ne</span> <span class='ocrx_word' id='word_1_207' title='bbox 1062 2817 1140 2898; x_wconf 90' lang='lat' dir='ltr'>quid</span> <span class='ocrx_word' id='word_1_208' title='bbox 1156 2817 1296 2900; x_wconf 89' lang='lat' dir='ltr'>amplius</span> 
     </span>
     <span class='ocr_line' id='line_1_24' title="bbox 12 2916 1294 3001; baseline 0.005 -23"><span class='ocrx_word' id='word_1_209' title='bbox 12 2949 13 2988; x_wconf 64' lang='grc' dir='ltr'>ι</span> <span class='ocrx_word' id='word_1_210' title='bbox 69 2916 248 2992; x_wconf 80' lang='lat' dir='ltr'>diceretur)</span> <span class='ocrx_word' id='word_1_211' title='bbox 273 2919 404 2983; x_wconf 88' lang='lat' dir='ltr'>incertis</span> <span class='ocrx_word' id='word_1_212' title='bbox 426 2919 607 2984; x_wconf 87' lang='lat' dir='ltr'>nominibus</span> <span class='ocrx_word' id='word_1_213' title='bbox 630 2919 789 2984; x_wconf 85' lang='lat' dir='ltr'>crederet:</span> <span class='ocrx_word' id='word_1_214' title='bbox 819 2920 963 2999; x_wconf 90' lang='lat' dir='ltr'>placere,</span> <span class='ocrx_word' id='word_1_215' title='bbox 990 2937 1031 2983; x_wconf 91' lang='lat' dir='ltr'>ne</span> <span class='ocrx_word' id='word_1_216' title='bbox 1054 2918 1119 2999; x_wconf 89' lang='lat' dir='ltr'>cui,</span> <span class='ocrx_word' id='word_1_217' title='bbox 1151 2921 1205 3001; x_wconf 89' lang='lat' dir='ltr'>qui</span> <span class='ocrx_word' id='word_1_218' title='bbox 1227 2918 1294 2985; x_wconf 88' lang='lat' dir='ltr'>filio</span> 
     </span>
     <span class='ocr_line' id='line_1_25' title="bbox 67 3011 1292 3101; baseline 0.006 -23"><span class='ocrx_word' id='word_1_219' title='bbox 67 3013 215 3081; x_wconf 84' lang='lat' dir='ltr'>familias</span> <span class='ocrx_word' id='word_1_220' title='bbox 237 3023 383 3082; x_wconf 91' lang='lat' dir='ltr'>mutuam</span> <span class='ocrx_word' id='word_1_221' title='bbox 405 3021 575 3099; x_wconf 89' lang='lat' dir='ltr'>pecuniam</span> <span class='ocrx_word' id='word_1_222' title='bbox 597 3021 748 3099; x_wconf 83' lang='lat' dir='ltr'>dedisset,</span> <span class='ocrx_word' id='word_1_223' title='bbox 771 3020 868 3084; x_wconf 86' lang='lat' dir='ltr'>etiam</span> <span class='ocrx_word' id='word_1_224' title='bbox 891 3024 1125 3100; x_wconf 88' lang='lat' dir='ltr'>postmortem</span> <span class='ocrx_word' id='word_1_225' title='bbox 1147 3011 1292 3101; x_wconf 90' lang='lat' dir='ltr'>parentis</span> 
     </span>
     <span class='ocr_line' id='line_1_26' title="bbox 12 3115 1289 3201; baseline 0.003 -20"><span class='ocrx_word' id='word_1_226' title='bbox 12 3155 13 3196; x_wconf 65' lang='lat'>3</span> <span class='ocrx_word' id='word_1_227' title='bbox 70 3117 155 3196; x_wconf 92' lang='lat' dir='ltr'>eius,</span> <span class='ocrx_word' id='word_1_228' title='bbox 175 3117 311 3182; x_wconf 90' lang='lat' dir='ltr'>cuiusin</span> <span class='ocrx_word' id='word_1_229' title='bbox 330 3124 386 3199; x_wconf 91' lang='lat' dir='ltr'>pot</span> <span class='ocrx_word' id='word_1_230' title='bbox 388 3125 474 3184; x_wconf 88' lang='lat' dir='ltr'>estat</span> <span class='ocrx_word' id='word_1_231' title='bbox 461 3115 635 3200; x_wconf 87' lang='lat' dir='ltr'>tefuisset,</span> <span class='ocrx_word' id='word_1_232' title='bbox 610 3125 706 3184; x_wconf 86' lang='lat' dir='ltr'>ttae</span> <span class='ocrx_word' id='word_1_233' title='bbox 708 3122 738 3184; x_wconf 94' lang='lat' dir='ltr'>io</span> <span class='ocrx_word' id='word_1_234' title='bbox 757 3121 825 3201; x_wconf 90' lang='lat' dir='ltr'>peti</span> <span class='ocrx_word' id='word_1_235' title='bbox 826 3121 936 3200; x_wconf 87' lang='lat' dir='ltr'>tioque</span> <span class='ocrx_word' id='word_1_236' title='bbox 953 3121 1155 3185; x_wconf 89' lang='lat' dir='ltr'>daretur:t</span> <span class='ocrx_word' id='word_1_237' title='bbox 1117 3126 1155 3185; x_wconf 92' lang='lat' dir='ltr'>ut</span> <span class='ocrx_word' id='word_1_238' title='bbox 1170 3123 1289 3186; x_wconf 89' lang='lat' dir='ltr'>seirent</span> 
     </span>
     <span class='ocr_line' id='line_1_27' title="bbox 12 3218 1298 3344; baseline 0.002 -60.144"><span class='ocrx_word' id='word_1_239' title='bbox 12 3219 128 3300; x_wconf 91' lang='lat' dir='ltr'>qui</span> <span class='ocrx_word' id='word_1_240' title='bbox 143 3219 285 3300; x_wconf 86' lang='lat' dir='ltr'>pessimo</span> <span class='ocrx_word' id='word_1_241' title='bbox 302 3221 446 3300; x_wconf 84' lang='lat' dir='ltr'>exemplo</span> <span class='ocrx_word' id='word_1_242' title='bbox 461 3219 676 3300; x_wconf 83' lang='lat' dir='ltr'>foenerarent,</span> <span class='ocrx_word' id='word_1_243' title='bbox 695 3221 815 3285; x_wconf 87' lang='lat' dir='ltr'>nullius</span> <span class='ocrx_word' id='word_1_244' title='bbox 833 3239 926 3301; x_wconf 89' lang='lat' dir='ltr'>posse</span> <span class='ocrx_word' id='word_1_245' title='bbox 945 3218 1000 3285; x_wconf 90' lang='lat' dir='ltr'>lilii</span> <span class='ocrx_word' id='word_1_246' title='bbox 1019 3220 1158 3314; x_wconf 87' lang='lat' dir='ltr'>familias</span> <span class='ocrx_word' id='word_1_247' title='bbox 1176 3222 1298 3344; x_wconf 84' lang='lat' dir='ltr'>bonurn</span> 
     </span>
     <span class='ocr_line' id='line_1_28' title="bbox 12 3319 784 3402; baseline 0.005 -22"><span class='ocrx_word' id='word_1_248' title='bbox 12 3363 13 3380; x_wconf 75' lang='grc'><strong>.</strong></span> <span class='ocrx_word' id='word_1_249' title='bbox 75 3338 205 3401; x_wconf 89' lang='lat' dir='ltr'>nomen,</span> <span class='ocrx_word' id='word_1_250' title='bbox 229 3324 416 3402; x_wconf 88' lang='lat' dir='ltr'>exspectata</span> <span class='ocrx_word' id='word_1_251' title='bbox 440 3327 497 3402; x_wconf 89' lang='lat' dir='ltr'>pat</span> <span class='ocrx_word' id='word_1_252' title='bbox 499 3323 543 3387; x_wconf 89' lang='lat' dir='ltr'>ris</span> <span class='ocrx_word' id='word_1_253' title='bbox 564 3326 678 3402; x_wconf 90' lang='lat' dir='ltr'>morte,</span> <span class='ocrx_word' id='word_1_254' title='bbox 706 3319 784 3387; x_wconf 89' lang='lat' dir='ltr'>fieri.</span> 
     </span>
    </p>
   </div>
   <div class='ocr_carea' id='block_1_9' title="bbox 401 3444 982 3536">
    <p class='ocr_par' dir='ltr' id='par_1_11' title="bbox 401 3444 982 3536">
     <span class='ocr_line' id='line_1_29' title="bbox 401 3444 982 3536; baseline 0.01 -18"><span class='ocrx_word' id='word_1_255' title='bbox 401 3454 430 3521; x_wconf 88' lang='grc'>6</span> <span class='ocrx_word' id='word_1_256' title='bbox 476 3455 538 3522; x_wconf 84' lang='lat' dir='ltr'>SC</span> <span class='ocrx_word' id='word_1_257' title='bbox 562 3444 829 3536; x_wconf 86' lang='lat' dir='ltr'>Rubrianum,</span> <span class='ocrx_word' id='word_1_258' title='bbox 857 3477 886 3522; x_wconf 90' lang='lat' dir='ltr'>a</span> <span class='ocrx_word' id='word_1_259' title='bbox 912 3454 982 3524; x_wconf 88' lang='grc'><strong>103.</strong></span> 
     </span>
    </p>
   </div>
   <div class='ocr_carea' id='block_1_10' title="bbox 75 3573 1302 3854">
    <p class='ocr_par' dir='ltr' id='par_1_12' title="bbox 75 3573 1302 3854">
     <span class='ocr_line' id='line_1_30' title="bbox 163 3573 1302 3660; baseline 0 -17"><span class='ocrx_word' id='word_1_260' title='bbox 163 3575 255 3659; x_wconf 76' lang='lat' dir='ltr'>(Uip.</span> <span class='ocrx_word' id='word_1_261' title='bbox 272 3575 292 3642; x_wconf 85' lang='lat' dir='ltr'>l.</span> <span class='ocrx_word' id='word_1_262' title='bbox 321 3575 353 3640; x_wconf 91' lang='lat' dir='ltr'><strong><em>V</em></strong></span> <span class='ocrx_word' id='word_1_263' title='bbox 360 3575 570 3658; x_wconf 63' lang='lat' dir='ltr'>fideicommal</span> <span class='ocrx_word' id='word_1_264' title='bbox 583 3573 796 3642; x_wconf 81' lang='lat' dir='ltr'>‘Subventum</span> <span class='ocrx_word' id='word_1_265' title='bbox 805 3576 1015 3642; x_wconf 85' lang='lat' dir='ltr'>libertatibus</span> <span class='ocrx_word' id='word_1_266' title='bbox 1037 3575 1191 3657; x_wconf 84' lang='lat' dir='ltr'>estSCto,</span> <span class='ocrx_word' id='word_1_267' title='bbox 1215 3580 1302 3660; x_wconf 88' lang='lat' dir='ltr'>quod</span> 
     </span>
     <span class='ocr_line' id='line_1_31' title="bbox 76 3676 1297 3764; baseline 0.002 -23"><span class='ocrx_word' id='word_1_268' title='bbox 76 3676 201 3744; x_wconf 89' lang='lat' dir='ltr'>factum</span> <span class='ocrx_word' id='word_1_269' title='bbox 220 3683 270 3744; x_wconf 88' lang='lat' dir='ltr'>est</span> <span class='ocrx_word' id='word_1_270' title='bbox 288 3679 487 3760; x_wconf 90' lang='lat' dir='ltr'>temporibus</span> <span class='ocrx_word' id='word_1_271' title='bbox 507 3678 537 3743; x_wconf 86' lang='lat' dir='ltr'>d.</span> <span class='ocrx_word' id='word_1_272' title='bbox 556 3677 688 3742; x_wconf 88' lang='lat' dir='ltr'>Traiani</span> <span class='ocrx_word' id='word_1_273' title='bbox 702 3679 823 3744; x_wconf 87' lang='lat' dir='ltr'>Rubrio</span> <span class='ocrx_word' id='word_1_274' title='bbox 842 3677 935 3743; x_wconf 85' lang='lat' dir='ltr'>Gallo</span> <span class='ocrx_word' id='word_1_275' title='bbox 958 3684 991 3743; x_wconf 88' lang='lat' dir='ltr'>at</span> <span class='ocrx_word' id='word_1_276' title='bbox 1009 3679 1118 3744; x_wconf 85' lang='lat' dir='ltr'>Caelio</span> <span class='ocrx_word' id='word_1_277' title='bbox 1138 3678 1297 3764; x_wconf 80' lang='lat' dir='ltr'>Hispone⁵</span> 
     </span>
     <span class='ocr_line' id='line_1_32' title="bbox 75 3775 461 3854; baseline 0 -10"><span class='ocrx_word' id='word_1_278' title='bbox 75 3798 140 3846; x_wconf 86' lang='lat' dir='ltr'>eos.</span> <span class='ocrx_word' id='word_1_279' title='bbox 164 3781 196 3845; x_wconf 94' lang='lat' dir='ltr'>in</span> <span class='ocrx_word' id='word_1_280' title='bbox 220 3781 300 3846; x_wconf 89' lang='lat' dir='ltr'>haec</span> <span class='ocrx_word' id='word_1_281' title='bbox 326 3775 461 3854; x_wconf 77' lang='lat' dir='ltr'>verba&#39;:l</span> 
     </span>
    </p>
   </div>
   <div class='ocr_carea' id='block_1_11' title="bbox 77 3945 1390 4520">
    <p class='ocr_par' dir='ltr' id='par_1_13' title="bbox 77 3945 1390 4520">
     <span class='ocr_line' id='line_1_33' title="bbox 148 3945 1390 4016; baseline 0 -14"><span class='ocrx_word' id='word_1_282' title='bbox 148 3950 173 4014; x_wconf 86' lang='lat'>1)</span> <span class='ocrx_word' id='word_1_283' title='bbox 191 3948 228 4002; x_wconf 92' lang='lat' dir='ltr'>D.</span> <span class='ocrx_word' id='word_1_284' title='bbox 243 3951 284 4012; x_wconf 84' lang='lat'>36,</span> <span class='ocrx_word' id='word_1_285' title='bbox 294 3952 353 4016; x_wconf 90' lang='lat'>1,1,</span> <span class='ocrx_word' id='word_1_286' title='bbox 370 3952 395 4002; x_wconf 92' lang='lat'>1.</span> <span class='ocrx_word' id='word_1_287' title='bbox 404 3951 431 4002; x_wconf 79' lang='lat'>2.</span> <span class='ocrx_word' id='word_1_288' title='bbox 451 3947 542 4001; x_wconf 80' lang='lat' dir='ltr'>Annus</span> <span class='ocrx_word' id='word_1_289' title='bbox 559 3961 610 4000; x_wconf 91' lang='lat' dir='ltr'>non</span> <span class='ocrx_word' id='word_1_290' title='bbox 629 3948 741 4012; x_wconf 83' lang='lat' dir='ltr'>constat,</span> <span class='ocrx_word' id='word_1_291' title='bbox 759 3963 819 4000; x_wconf 90' lang='lat' dir='ltr'>oum</span> <span class='ocrx_word' id='word_1_292' title='bbox 836 3945 954 4000; x_wconf 88' lang='lat' dir='ltr'>eonsules</span> <span class='ocrx_word' id='word_1_293' title='bbox 968 3947 1097 4002; x_wconf 87' lang='lat' dir='ltr'>nominati</span> <span class='ocrx_word' id='word_1_294' title='bbox 1113 3949 1218 4005; x_wconf 86' lang='lat' dir='ltr'>suffecti</span> <span class='ocrx_word' id='word_1_295' title='bbox 1237 3951 1292 4006; x_wconf 86' lang='lat' dir='ltr'>siut</span> <span class='ocrx_word' id='word_1_296' title='bbox 1389 3987 1390 4002; x_wconf 74' lang='grc'><strong>.</strong></span> 
     </span>
     <span class='ocr_line' id='line_1_34' title="bbox 77 4029 1292 4098; baseline 0.004 -12"><span class='ocrx_word' id='word_1_297' title='bbox 77 4062 113 4072; x_wconf 84' lang='grc'><strong>-</strong></span> <span class='ocrx_word' id='word_1_298' title='bbox 130 4033 156 4098; x_wconf 76' lang='lat'>2)</span> <span class='ocrx_word' id='word_1_299' title='bbox 178 4029 235 4086; x_wconf 84' lang='lat' dir='ltr'>Mo.</span> <span class='ocrx_word' id='word_1_300' title='bbox 261 4033 328 4088; x_wconf 91' lang='lat' dir='ltr'>ooni.</span> <span class='ocrx_word' id='word_1_301' title='bbox 356 4036 411 4086; x_wconf 80' lang='lat' dir='ltr'>‘ear</span> <span class='ocrx_word' id='word_1_302' title='bbox 430 4033 509 4086; x_wconf 84' lang='lat' dir='ltr'>lites&#39;.</span> <span class='ocrx_word' id='word_1_303' title='bbox 532 4063 566 4070; x_wconf 98' lang='lat'>-</span> <span class='ocrx_word' id='word_1_304' title='bbox 590 4032 616 4096; x_wconf 78' lang='lat'>3)</span> <span class='ocrx_word' id='word_1_305' title='bbox 633 4031 669 4084; x_wconf 90' lang='lat' dir='ltr'>D.</span> <span class='ocrx_word' id='word_1_306' title='bbox 692 4035 733 4098; x_wconf 80' lang='lat'>14,</span> <span class='ocrx_word' id='word_1_307' title='bbox 758 4034 782 4095; x_wconf 89' lang='grc'>6,</span> <span class='ocrx_word' id='word_1_308' title='bbox 804 4036 829 4084; x_wconf 88' lang='grc'>1.</span> <span class='ocrx_word' id='word_1_309' title='bbox 864 4030 908 4086; x_wconf 91' lang='lat' dir='ltr'>De</span> <span class='ocrx_word' id='word_1_310' title='bbox 930 4033 1019 4087; x_wconf 83' lang='lat' dir='ltr'>aetate</span> <span class='ocrx_word' id='word_1_311' title='bbox 1038 4033 1104 4087; x_wconf 81' lang='lat' dir='ltr'>scu</span> <span class='ocrx_word' id='word_1_312' title='bbox 1124 4034 1247 4090; x_wconf 87' lang='lat' dir='ltr'>hocloco</span> <span class='ocrx_word' id='word_1_313' title='bbox 1264 4038 1292 4091; x_wconf 91' lang='lat' dir='ltr'>ni</span> 
     </span>
     <span class='ocr_line' id='line_1_35' title="bbox 78 4115 1288 4190; baseline 0.002 -20"><span class='ocrx_word' id='word_1_314' title='bbox 78 4115 181 4173; x_wconf 89' lang='lat' dir='ltr'>dictum</span> <span class='ocrx_word' id='word_1_315' title='bbox 198 4121 252 4181; x_wconf 89' lang='lat' dir='ltr'>est;</span> <span class='ocrx_word' id='word_1_316' title='bbox 272 4117 342 4187; x_wconf 90' lang='lat' dir='ltr'>apud</span> <span class='ocrx_word' id='word_1_317' title='bbox 361 4117 434 4172; x_wconf 72' lang='lat' dir='ltr'>aaa.</span> <span class='ocrx_word' id='word_1_318' title='bbox 457 4115 533 4188; x_wconf 80' lang='lat' dir='ltr'>Veap.</span> <span class='ocrx_word' id='word_1_319' title='bbox 550 4121 583 4172; x_wconf 87' lang='lat'>11</span> <span class='ocrx_word' id='word_1_320' title='bbox 601 4117 716 4170; x_wconf 84' lang='lat' dir='ltr'>relatum</span> <span class='ocrx_word' id='word_1_321' title='bbox 734 4132 795 4169; x_wconf 85' lang='lat' dir='ltr'>vero</span> <span class='ocrx_word' id='word_1_322' title='bbox 812 4119 865 4170; x_wconf 88' lang='lat' dir='ltr'>est:</span> <span class='ocrx_word' id='word_1_323' title='bbox 884 4116 994 4173; x_wconf 80' lang='lat' dir='ltr'>‘Auctor</span> <span class='ocrx_word' id='word_1_324' title='bbox 1018 4117 1122 4173; x_wconf 76' lang='lat' dir='ltr'>senatui</span> <span class='ocrx_word' id='word_1_325' title='bbox 1139 4119 1288 4190; x_wconf 83' lang='lat' dir='ltr'>fuit(Vasp.</span> 
     </span>
     <span class='ocr_line' id='line_1_36' title="bbox 80 4200 1292 4274; baseline 0.003 -18"><span class='ocrx_word' id='word_1_326' title='bbox 80 4203 244 4271; x_wconf 89' lang='lat' dir='ltr'>decernendi,</span> <span class='ocrx_word' id='word_1_327' title='bbox 261 4233 295 4242; x_wconf 93' lang='lat'>-</span> <span class='ocrx_word' id='word_1_328' title='bbox 312 4219 345 4258; x_wconf 90' lang='lat' dir='ltr'>ne</span> <span class='ocrx_word' id='word_1_329' title='bbox 362 4203 477 4257; x_wconf 90' lang='lat' dir='ltr'>filiorum</span> <span class='ocrx_word' id='word_1_330' title='bbox 495 4203 655 4256; x_wconf 86' lang='lat' dir='ltr'>familiarum</span> <span class='ocrx_word' id='word_1_331' title='bbox 672 4200 862 4255; x_wconf 86' lang='lat' dir='ltr'>feneratoribus</span> <span class='ocrx_word' id='word_1_332' title='bbox 880 4201 1002 4270; x_wconf 81' lang='lat' dir='ltr'>exigendi</span> <span class='ocrx_word' id='word_1_333' title='bbox 1019 4201 1114 4257; x_wconf 84' lang='lat' dir='ltr'>crediti</span> <span class='ocrx_word' id='word_1_334' title='bbox 1126 4204 1167 4256; x_wconf 88' lang='lat' dir='ltr'>ius</span> <span class='ocrx_word' id='word_1_335' title='bbox 1176 4220 1292 4274; x_wconf 87' lang='lat' dir='ltr'>unquam</span> 
     </span>
     <span class='ocr_line' id='line_1_37' title="bbox 80 4284 1300 4356; baseline 0.001 -15"><span class='ocrx_word' id='word_1_336' title='bbox 80 4288 170 4351; x_wconf 81' lang='lat' dir='ltr'>esset&#39;;</span> <span class='ocrx_word' id='word_1_337' title='bbox 189 4305 254 4356; x_wconf 86' lang='lat' dir='ltr'>quae</span> <span class='ocrx_word' id='word_1_338' title='bbox 271 4285 352 4343; x_wconf 87' lang='lat' dir='ltr'>verba</span> <span class='ocrx_word' id='word_1_339' title='bbox 370 4287 401 4342; x_wconf 88' lang='lat' dir='ltr'>da</span> <span class='ocrx_word' id='word_1_340' title='bbox 420 4287 469 4341; x_wconf 90' lang='lat' dir='ltr'>hoc</span> <span class='ocrx_word' id='word_1_341' title='bbox 488 4287 537 4342; x_wconf 80' lang='lat' dir='ltr'>SC.</span> <span class='ocrx_word' id='word_1_342' title='bbox 556 4284 738 4354; x_wconf 84' lang='lat' dir='ltr'>intellegenda</span> <span class='ocrx_word' id='word_1_343' title='bbox 755 4284 886 4340; x_wconf 82' lang='lat' dir='ltr'>ridentur.</span> <span class='ocrx_word' id='word_1_344' title='bbox 905 4315 938 4325; x_wconf 89' lang='lat'>—</span> <span class='ocrx_word' id='word_1_345' title='bbox 955 4288 982 4353; x_wconf 85' lang='lat' dir='ltr'>l)</span> <span class='ocrx_word' id='word_1_346' title='bbox 999 4287 1036 4340; x_wconf 89' lang='lat' dir='ltr'>D.</span> <span class='ocrx_word' id='word_1_347' title='bbox 1055 4291 1098 4354; x_wconf 83' lang='lat'>40,</span> <span class='ocrx_word' id='word_1_348' title='bbox 1117 4291 1141 4352; x_wconf 83' lang='lat'>5,</span> <span class='ocrx_word' id='word_1_349' title='bbox 1159 4291 1205 4356; x_wconf 82' lang='lat'>26,</span> <span class='ocrx_word' id='word_1_350' title='bbox 1222 4291 1248 4348; x_wconf 81' lang='lat'>7.</span> <span class='ocrx_word' id='word_1_351' title='bbox 1266 4321 1300 4332; x_wconf 90' lang='grc'><strong>-</strong></span> 
     </span>
     <span class='ocr_line' id='line_1_38' title="bbox 80 4369 1304 4442; baseline 0.006 -17"><span class='ocrx_word' id='word_1_352' title='bbox 80 4374 107 4438; x_wconf 80' lang='lat'>5)</span> <span class='ocrx_word' id='word_1_353' title='bbox 125 4372 200 4426; x_wconf 73' lang='lat' dir='ltr'>Pua.</span> <span class='ocrx_word' id='word_1_354' title='bbox 225 4389 264 4442; x_wconf 84' lang='lat' dir='ltr'>ep.</span> <span class='ocrx_word' id='word_1_355' title='bbox 289 4379 314 4442; x_wconf 80' lang='grc'>4,</span> <span class='ocrx_word' id='word_1_356' title='bbox 337 4377 370 4428; x_wconf 87' lang='grc'>9.·</span> <span class='ocrx_word' id='word_1_357' title='bbox 392 4373 500 4442; x_wconf 79' lang='lat' dir='ltr'>‘Caepio</span> <span class='ocrx_word' id='word_1_358' title='bbox 520 4371 623 4440; x_wconf 82' lang='lat' dir='ltr'>Hispo&#39;.</span> <span class='ocrx_word' id='word_1_359' title='bbox 661 4369 707 4424; x_wconf 80' lang='lat' dir='ltr'>Or.</span> <span class='ocrx_word' id='word_1_360' title='bbox 724 4372 810 4424; x_wconf 82' lang='lat'><strong><em>3670:</em></strong></span> <span class='ocrx_word' id='word_1_361' title='bbox 831 4371 966 4439; x_wconf 84' lang='lat' dir='ltr'>‘Caepioni</span> <span class='ocrx_word' id='word_1_362' title='bbox 983 4372 1095 4440; x_wconf 85' lang='lat' dir='ltr'>Hispani</span> <span class='ocrx_word' id='word_1_363' title='bbox 1117 4375 1177 4428; x_wconf 74' lang='lat' dir='ltr'>coa·</span> <span class='ocrx_word' id='word_1_364' title='bbox 1195 4373 1227 4429; x_wconf 84' lang='lat' dir='ltr'>of.</span> <span class='ocrx_word' id='word_1_365' title='bbox 1245 4377 1304 4432; x_wconf 88' lang='lat' dir='ltr'>Mo·</span> 
     </span>
     <span class='ocr_line' id='line_1_39' title="bbox 84 4455 297 4520; baseline 0.009 -11"><span class='ocrx_word' id='word_1_366' title='bbox 84 4455 197 4511; x_wconf 82' lang='lat' dir='ltr'>Foraoh.</span> <span class='ocrx_word' id='word_1_367' title='bbox 214 4461 239 4520; x_wconf 90' lang='lat'>1,</span> <span class='ocrx_word' id='word_1_368' title='bbox 256 4461 297 4511; x_wconf 89' lang='lat'>51.</span> 
     </span>
    </p>
   </div>
   <div class='ocr_carea' id='block_1_12' title="bbox 0 0 1663 5370">
    <p class='ocr_par' dir='ltr' id='par_1_14' title="bbox 0 0 1663 5370">
     <span class='ocr_line' id='line_1_40' title="bbox 0 0 1663 5370; baseline 0 0"><span class='ocrx_word' id='word_1_369' title='bbox 0 0 1663 5370; x_wconf 95' lang='lat' dir='ltr'> </span> 
     </span>
    </p>
   </div>
  </div>
 </body>
</html>
