3328 5356
661 394 871 463 Agrimcnsores.
1312 395 1375 461 309

138 569 289 650 patoriis
312 574 468 651 ageretur
491 568 593 649 agris,
617 571 651 630 et
673 567 830 650 quidquid
852 567 901 630 vis
924 585 1029 649 aquae
1053 567 1236 646 abstulerit,
1258 569 1377 649 repeti-

138 673 271 737 tionem
298 681 391 735 nemo
420 669 564 735 habebit.
596 667 700 745 Quae
725 686 779 732 res
806 668 1033 734 necessitatem
1063 669 1155 749 ripae
1184 670 1377 734 muniendae

137 774 300 854 iniungit,
323 774 371 837 ita
394 777 513 851 tamen,
529 790 570 835 ne
590 769 860 836 alterius'damno
879 771 1052 852 quicquam
1070 769 1178 848 faciat,
1198 772 1252 852 qui
1270 771 1376 859 ripam

138 875 284 940 muniet.
292 875 306 938 ¹,
348 873 382 938 Si
405 891 480 938 vcro
503 874 536 938 in
560 873 663 938 divisa
681 877 715 937 et
733 872 906 952 adsignata
924 872 1053 953 regione
1072 873 1277 952 tractabitur,
1296 873 1377 937 nihil

136 977 281 1042 amittet
308 994 485 1056 possessor,
519 976 669 1058 quoniam
696 972 806 1039 formis
837 992 896 1054 per
927 974 1099 1042 centurias,
1120 980 1228 1040 certus
1258 976 1375 1058 cuique

133 1080 263 1144 modiis
294 1079 478 1158 adscriptus
501 1084 560 1141 est.
604 1075 698 1140 Circa
720 1075 843 1141 Padum
869 1079 978 1140 autem
1000 1094 1073 1140 cum
1095 1067 1260 1156 ageretur,
1291 1078 1375 1158 quod

132 1181 264 1246 flumen
293 1186 420 1246 torrens
450 1184 482 1245 et
512 1175 686 1260 aliquando
713 1183 781 1242 tam
803 1178 979 1243 violentum
1003 1178 1158 1256 decurrit,
1188 1183 1225 1244 ut
1248 1179 1374 1244 alveum

133 1289 250 1360 mutet
274 1288 307 1348 et
328 1283 506 1347 multorum
530 1283 598 1346 late
621 1299 717 1364 agros
740 1286 831 1346 trans
853 1281 970 1360 ripam,
998 1285 1035 1343 ut
1057 1281 1104 1344 ita
1127 1281 1245 1360 dicam,
1268 1287 1375 1346 trans·

135 1385 240 1466 ferat,
266 1403 364 1466 saepe
390 1384 488 1448 ctiam
511 1384 634 1448 insulas
658 1380 786 1464 efficiat,
810 1381 942 1446 Cassius
963 1383 1139 1463 Longinus
1162 1383 1375 1464 prudentissi-

134 1507 215 1554 mus
240 1488 300 1566 vir,
323 1487 404 1550 iuris
430 1489 553 1563 auctor,
579 1485 639 1550 boc
661 1486 788 1561 statuit,
812 1489 849 1548 ut
872 1483 1029 1566 quidquid
1052 1503 1138 1565 aqua
1160 1485 1375 1550 lambiscendo

141 1589 333 1666 abstulerit,
356 1588 389 1652 id
413 1605 579 1667 possessor
602 1586 741 1665 amittat,
765 1586 914 1666 quoniam
933 1585 1057 1650 scilicet
1074 1587 1176 1667 ripam
1196 1606 1288 1651 suam
1307 1589 1374 1654 sine
1435 1617 1439 1626 ’

137 1693 282 1758 alterius
310 1691 428 1755 damno
459 1689 543 1753 tueri
567 1689 677 1767 debet;
710 1689 736 1753 si
759 1705 834 1752 vcro
856 1687 976 1752 maiore
999 1687 1037 1750 vi·
1055 1683 1230 1753 decurrens
1247 1691 1373 1754 alveum

136 1797 314 1871 mutasset,
326 1809 419 1857 suum
437 1792 570 1872 quisque
584 1791 715 1856 modum
729 1795 927 1871 agnosceret,
939 1789 1088 1871 quoniam
1103 1807 1165 1852 non
1180 1793 1373 1870 possessoris

135 1895 355 1977 neglegentia
379 1894 435 1958 scd
458 1894 664 1973 tempestatis
692 1892 846 1956 violentia
869 1893 1042 1971 abreptum
1065 1897 1215 1972 apparet;
1247 1894 1372 1958 sivero

135 1999 283 2064 insulam
306 1995 447 2073 fecisset,
470 2015 489 2059 a
508 1995 598 2060 cuius
617 2011 696 2075 agro
715 1992 854 2073 fecisset,
872 1995 900 2058 is
919 1994 1114 2074 possideret;
1133 1999 1168 2057 at
1183 1995 1209 2058 si
1228 2013 1267 2058 ex
1287 2014 1370 2059 com·
1435 2077 1437 2084 Ι

135 2100 244 2177 muni,
270 2099 521 2187 quisquesuum
543 2095 722 2176 reciperet'
1069 2169 1072 2175 ,
1145 2165 1148 2173 ,

231 2198 282 2283 (9)
306 2201 353 2264 De
379 2201 464 2265 iure
492 2199 699 2264 territorii
723 2204 825 2264 contr.
853 2205 902 2264 est
925 2200 964 2264 dc
991 2197 1071 2278 bia,¹
1088 2216 1171 2280 quae
1203 2199 1244 2263 ad
1267 2201 1369 2281 ipsam
1381 2202 1421 2256 17-

138 2303 263 2365 urbem
286 2302 458 2382 pertinent,
483 2303 550 2366 sive
574 2302 652 2382 quid
675 2302 761 2365 intra
784 2301 962 2381 pomerium
983 2301 1051 2364 eius
1074 2301 1165 2365 urbis
1188 2301 1259 2378 erit,
1284 2303 1370 2382 quod

142 2423 173 2466 a*
192 2401 331 2481 privatis
353 2405 503 2483 operibus
526 2404 666 2484 optineri
690 2421 752 2468 non
776 2404 946 2484 oportebit.
969 2439 1010 2448 -
1033 2409 1067 2462 F.
1086 2413 1130 2464 52.
1148 2411 1182 2462 Α.
1201 2413 1244 2464 aa.
1264 2411 1298 2462 Η
1310 2415 1369 2495 =133.

232 2500 304 2586 (10)
321 2503 369 2568 De
388 2506 599 2571 subsicivis
618 2512 718 2570 contr.
735 2510 794 2584 est,
813 2507 962 2588 quotiens
982 2507 1091 2587 aliqua
1109 2525 1184 2587 pars
1203 2507 1367 2571 centuriae
1377 2508 1420 2562 20.

138 2606 211 2670 sive
235 2609 307 2668 tota
329 2625 392 2670 non
415 2612 465 2672 est
489 2601 661 2692 adsignata
685 2614 718 2673 et
745 2609 938 2689 possidetur.
983 2614 1017 2667 A.
1035 2617 1078 2668 aa.
1097 2615 1136 2668 Η.
1154 2617 1215 2669 132.

227 2703 300 2789 (11)
312 2708 360 2772 De
375 2708 475 2772 locis
493 2708 665 2789 publicis
685 2711 752 2775 sive
762 2729 835 2792 pop.
845 2711 935 2780 Rom.
951 2711 1017 2775 sive
1027 2703 1223 2776 coloniarum
1233 2712 1369 2776 munici-

135 2811 309 2890 piorumve
328 2816 427 2875 contr.
447 2815 505 2888 est,
526 2812 675 2892 quotiens
694 2831 734 2877 ea
749 2813 828 2892 loca,
847 2799 930 2895 quae
949 2831 1054 2895 neque
1073 2815 1244 2894 adsignata
1262 2833 1367 2896 neque

132 2911 275 2976 vendita
305 2910 427 2976 fuerint
449 2932 618 2995 umquam,
648 2916 765 2997 aliquis
796 2917 991 2996 possederit,
1022 2921 1058 2979 ut
1077 2917 1204 2986 alveum
1228 2908 1367 2982 fluminis

130 3017 282 3078 veterem
305 3031 377 3094 pop.
400 3014 491 3078 Rom.
513 3027 560 3076 etc.
579 3051 612 3060 -
630 3022 665 3076 F.
683 3027 725 3077 54.
743 3025 777 3078 Α.
796 3027 840 3078 85.

223 3112 295 3195 (12)
318 3115 367 3178 De
393 3116 489 3182 locis
521 3119 682 3184 relictis
715 3125 748 3183 et
776 3125 868 3184 extra
896 3119 992 3183 clusis
1020 3123 1120 3182 contr.
1149 3124 1199 3182 est
1221 3120 1255 3184 iu
1277 3121 1417 3201 agrisar.
1504 3153 1507 3158 ·

130 3216 333 3299 adsignatis.
378 3217 506 3296 Relicta
531 3227 641 3285 autem
663 3223 734 3286 loca
758 3228 848 3302 sunt,
882 3239 966 3304 quae
991 3222 1057 3284 sive
1080 3221 1225 3286 locorum
1248 3223 1416 3304 iniqui-aa

128 3326 208 3386 tate
242 3319 312 3383 sive
344 3320 480 3385 arbitrio
504 3324 679 3388 conditoris
700 3325 820 3389 limites
842 3343 906 3388 non
934 3325 1148 3402 acceperunt,
1179 3322 1259 3388 haec
1290 3333 1367 3391 sunt

128 3423 219 3488 iuris
252 3419 499 3504 subsicivorum.
542 3424 645 3490 Extra
673 3427 763 3490 clusa
794 3427 865 3492 loca
896 3421 972 3491 sunt
1000 3442 1104 3505 aeque
1129 3423 1208 3493 iuris
1239 3426 1367 3508 subsic,

128 3541 221 3608 quae
241 3523 331 3586 ultra
352 3523 472 3588 limites
496 3530 529 3589 et
547 3527 634 3591 iutra
657 3526 829 3594 finitimam
846 3529 964 3592 lineam
984 3525 1077 3591 crint.
1098 3564 1137 3575 -
1156 3533 1191 3585 F.
1208 3538 1249 3589 55.
1268 3536 1302 3587 Α.
1321 3538 1367 3600 ac,

124 3725 159 3732 —
182 3708 236 3761 per
258 3689 441 3756 interdictum,
460 3692 485 3746 h;
505 3709 526 3747 e.
541 3693 597 3748 iure
613 3695 902 3763 ordinario,litigatur;
922 3696 1029 3748 huonon
1040 3698 1082 3748 est
1092 3695 1247 3765 disciplinae
1257 3700 1364 3751 nostrae

124 3777 277 3840 iudicium,
296 3775 344 3829 sed
361 3775 431 3844 apud
450 3778 598 3846 praesidem
616 3779 764 3848 provinciae
783 3781 882 3848 agitur,
901 3807 935 3819 -
954 3781 1023 3833 sicut
1041 3781 1084 3834 lex
1101 3783 1153 3836 ait:
1177 3783 1237 3835 ‘nisi
1254 3782 1286 3836 de
1305 3797 1364 3849 pos-

122 3863 260 3917 sessionis
279 3863 356 3914 statu
374 3863 495 3930 quaestio
513 3863 596 3916 fucrit
614 3865 768 3930 terminata,
786 3882 838 3918 non
856 3865 920 3918 licet
937 3867 1051 3918 mensori
1069 3868 1171 3934 praeire
1190 3868 1223 3921 ad
1242 3868 1324 3920 loca'.'

201 3949 229 4012 1)
250 3945 307 3999 Sic.
325 3948 385 4008 150,
404 3949 455 3999 24:
472 3947 564 4000 ‘Rivus
583 3949 708 4016 quotiens
725 3950 806 4003 linem
823 3951 897 4012 iacit,
920 3951 1070 4019 appellatur
1087 3953 1151 4005 ‘rivo
1169 3955 1242 4007 recto
1260 3953 1363 4016 (curvo-

122 4033 216 4103 qace;)'
238 4031 288 4099 qui
307 4031 330 4082 si
349 4030 460 4108 alicuius
479 4034 564 4084 terras
583 4033 737 4086 minutatim
757 4050 788 4088 ex
806 4035 860 4088 alia
878 4039 953 4102 parte
972 4036 1113 4089 abstrahat
1126 4039 1159 4090 'at
1172 4037 1219 4090 alii
1232 4037 1363 4090 contrario

119 4117 282 4185 relinquat,
301 4114 371 4182 quod
400 4117 497 4168 vocant
515 4111 684 4171 abluvionem
702 4121 730 4171 ct
748 4119 925 4182 alluvionem,
944 4121 1068 4189 repetitio
1086 4121 1179 4173 finium
1198 4138 1250 4174 non
1268 4121 1362 4183 datur;

118 4202 233 4257 inducit
254 4198 327 4253 enim
349 4198 537 4252 necessitatem
556 4201 673 4267 riparum
691 4201 864 4266 tuendarum,
883 4204 952 4270 quod
974 4205 1044 4257 iuste
1063 4203 1168 4258 videtur
1186 4208 1363 4273 prospectum,

117 4293 152 4343 ut
177 4291 273 4342 terrae
292 4283 488 4353 possessoribus
506 4285 595 4337 salvae
614 4286 676 4349 sint,
702 4287 785 4340 etiarn
803 4287 925 4354 publicae
943 4289 1074 4342 utilitatis
1092 4304 1184 4353 causa;
1208 4289 1275 4358 quod
1294 4291 1317 4341 si
1335 4292 1362 4343 vi

117 4369 328 4440 tempestatum
357 4366 408 4419 rivi
434 4371 566 4420 torrentes
597 4369 687 4422 subito
714 4371 819 4424 alveum
847 4388 1003 4441 cursumque
1030 4374 1152 4436 mutant,
1183 4375 1299 4437 iustum,
1330 4379 1362 4428 ut

117 4460 219 4512 nostra
240 4453 298 4505 fert
317 4451 412 4518 opinio,
432 4451 492 4514 erit,
511 4454 542 4504 ut
562 4453 633 4504 alvei
652 4455 750 4527 veteris
768 4455 834 4508 fines
852 4472 912 4508 suos
931 4457 1041 4525 quisque
1061 4457 1198 4513 obtineat'.
