3328 5356
659 411 763 466 Festus.
1269 415 1332 478 259

5 594 18 634 t:
114 582 192 659 ‘Qui
214 585 283 649 lroc
302 584 450 662 censetis
474 583 552 647 illuc
568 583 715 660 transite,
740 584 795 663 qui
812 584 876 646 alia
891 585 1007 661 omnia,
1030 585 1063 648 in
1087 585 1171 650 hanc
1188 586 1339 668 partem?

8 699 18 715 η.

4 699 15 739 l.

111 684 161 748 his
184 685 291 749 verbis
315 685 437 764 praeitl
459 683 574 747 ominis
596 683 747 747 videlicet
769 701 883 756 causa,
917 703 957 748 ne
980 685 1067 749 dicat
1091 687 1157 766 ‘qui
1179 705 1248 751 non
1265 705 1339 751 cen-

5 783 16 842 l
111 784 208 850 setis'
253 785 290 847 F.
312 789 388 848 261.
1029 831 1032 838 -

110 884 433 972 Quinlqoenoolcs
450 888 485 950 io
503 885 621 950 colonis
636 881 908 970 appello]bantur,
932 886 987 966 qui
1002 886 1139 950 lustrum
1160 887 1340 970 con[dcrcot

4 989 7 1047 i
112 991 221 1068 pociolo
244 1009 363 1070 quoque
386 1008 479 1066 (cocao,
503 1009 523 1050 u
541 1008 600 1069 quo
622 983 793 1071 nantildam
817 992 956 1067 coeptos,
1001 987 1039 1050 F.
1061 990 1135 1051 261.

110 1091 193 1168 ‘Qui
227 1096 381 1170 patrea,
414 1090 470 1169 qui
494 1090 667 1169 conscripti
689 1089 797 1152 uocati
821 1095 896 1152 sunt
919 1089 951 1152 in
980 1089 1122 1153 curiam?
1167 1089 1236 1166 Quo
1260 1097 1338 1156 tem-

3 1211 12 1252 r.
108 1191 187 1273 pore
219 1192 350 1271 regibus
386 1191 466 1254 urbe
497 1190 638 1270 expulsis
662 1190 701 1262 P.
733 1189 882 1254 Valerius
916 1209 998 1254 cons.
1031 1195 1165 1272 propter
1197 1193 1339 1272 inopiam

110 1293 322 1373 patriciorum
346 1310 383 1356 ex
406 1290 499 1372 plebe
522 1291 643 1372 adlegit
665 1292 698 1356 in
721 1310 890 1356 numerum
913 1297 1097 1358 senatorum
1121 1291 1279 1374 CLXIlII,
1303 1305 1340 1360 ut

3 1401 5 1412 '
108 1394 255 1474 expleret
285 1411 453 1456 numerum
486 1399 670 1458 senatorum
701 1399 938 1473 trecentorum,
978 1395 1025 1458 ito
1057 1415 1092 1458 co
1124 1396 1187 1459 duo
1219 1413 1339 1476 genera

108 1495 273 1576 appellato
294 1494 396 1558 saofi
439 1495 477 1557 F.
496 1496 568 1560 254.

2 1630 4 1657 t
107 1597 218 1674 ‘Quot
241 1598 350 1661 servi
375 1600 424 1660 tot
446 1595 564 1661 hostes’
588 1597 621 1660 in
645 1598 814 1677 proverbio
838 1601 897 1676 est,
920 1597 959 1660 de
983 1616 1045 1679 quo
1070 1596 1198 1676 Sinnius
1222 1597 1338 1681 Capito

105 1699 279 1778 existimat,
302 1697 348 1744 -“
367 1716 437 1763 esse
460 1699 581 1762 dictum
605 1698 698 1761 initio
722 1689 810 1779 ‘quot
830 1699 941 1776 hostis,
965 1703 1015 1762 tot
1034 1697 1137 1776 servi,'
1164 1701 1267 1779 (qood)
1289 1705 1338 1764 tot

105 1800 227 1880 captivi
249 1798 317 1864 fere
340 1801 382 1864 ad
405 1801 595 1864 servitutem
618 1800 874 1878 adducebantur,
896 1811 944 1858 etc.
990 1799 1026 1862 F.
1052 1802 1125 1863 261.
1206 1865 1207 1868 ,
1251 1817 1255 1825 ·

2 1929 5 1967 ,·
104 1901 311 1966 Rduobus
342 1902 375 1965 in
407 1901 626 1980 compluribus
657 1899 866 1980 orationibus,
899 1919 971 1965 cum
994 1902 1033 1965 de
1064 1903 1145 1965 actis
1169 1903 1339 1967 disseritur

2 2043 7 2056 κ
49 1990 53 1998 ’
104 2004 304 2085 cuiuspiam,
337 2003 495 2083 perscribi
526 2001 623 2082 solet,
656 2003 676 2068 i.
700 2021 726 2067 e.
749 2004 915 2068 rationum
944 2003 1140 2083 relatarum,
1173 2005 1259 2084 quod
1287 2004 1337 2068 his

102 2105 226 2169 tabulis
250 2105 408 2170 docentur
430 2105 566 2184 iudices,
599 2123 681 2185 quae
708 2105 836 2184 publice
858 2105 937 2168 data
961 2109 1063 2184 atqua
1087 2111 1221 2185 accepta
1244 2107 1336 2168 sint.3

5 2215 7 2241 ²
105 2205 141 2266 F.
231 2255 239 2269 .

2 2264 7 2377 ζ
108 2209 259 2371 Ra2d7e4re
287 2304 399 2392 g[eaos
424 2273 552 2371 velitum
579 2313 624 2372 est
646 2304 695 2393 io]
718 2308 790 2388 lege
813 2305 875 2370 ΧΗ
896 2309 970 2387 qlo,
1001 2311 1045 2386 4),
1079 2309 1098 2371 i.
1126 2325 1152 2371 e.
1174 2309 1338 2389 unguibus

2 2441 3 2448 .
107 2406 259 2494 [lacerare
274 2405 405 2495 molas]
449 2408 486 2472 F.
509 2414 585 2473 273.

106 2503 209 2592 Rap'i
232 2511 404 2576 simulatur
426 2512 517 2592 virgo
541 2530 579 2574 ex
603 2512 723 2592 gremio
746 2513 875 2590 matris,
908 2518 979 2592 aut,
1007 2514 1040 2578 si
1063 2531 1100 2576 ca
1122 2531 1185 2577 non
1210 2518 1273 2591 est,
1298 2532 1336 2576 ex

1 2645 4 2684 ς
108 2613 255 2692 proxima
277 2613 524 2697 necessitudine,
548 2631 620 2678 cum
645 2614 811 2678 advirum
835 2615 986 2694 trabitur,
1008 2651 1058 2681 —-.
1082 2614 1119 2678 F.
1141 2619 1217 2680 289.

2 2778 5 2785 ,
106 2715 384 2795 Recepticium
411 2732 538 2779 servum
561 2713 643 2781 Cato
662 2719 695 2781 in
719 2719 868 2782 suasione
891 2717 973 2799 legis
995 2717 1159 2782 Voconiae
1182 2735 1252 2782 curn
1276 2718 1333 2795 ait,

106 2814 279 2897 significat,
296 2817 351 2897 qui
368 2817 407 2880 ob
427 2817 540 2880 vitium
554 2817 739 2883 redhibitus
755 2819 813 2883 sit:
838 2817 906 2883 ‘ubi
924 2820 1011 2883 irata
1026 2817 1115 2883 facta
1130 2825 1189 2899 est,
1209 2837 1336 2883 servum

1 2985 5 2992 ,
104 2919 315 2998 recepticium
338 2919 456 2983 sectari
478 2924 574 2999 atque
597 2917 746 3000 flagitare
768 2921 873 2985 virum
896 2918 1006 2985 iubet?
1052 2919 1089 2983 F.
1112 2923 1190 2984 282.

105 3021 310 3086 Recinium
329 3038 421 3084 omne
438 3020 669 3084 vestimentum
688 3021 883 3102 quadratum
901 3022 935 3100 ii,
956 3022 1009 3102 qui
1024 3021 1086 3085 Xll
1108 3023 1169 3099 (10,
1186 3023 1218 3099 3)
1236 3023 1335 3093 inter-

1 3171 4 3199 f
103 3123 228 3202 pretati
250 3127 341 3201 sunt,
372 3139 442 3185 esse
465 3122 629 3185 dixerunt:
669 3121 800 3186 Verrius
822 3127 944 3200 togam,
980 3123 1065 3201 (quo)
1090 3122 1241 3186 mulieres
1263 3127 1335 3223 ute-

102 3226 237 3302 bantur,
260 3228 462 3306 praetextam
485 3223 575 3287 clavo
600 3240 772 3303 purpureo.
817 3222 854 3286 F.
875 3226 949 3287 274.

1 3363 2 3366 =
103 3325 367 3405 Reciperatio
388 3329 452 3403 est,
482 3329 519 3387 ut
542 3324 590 3387 ait
613 3321 728 3387 Gallus
751 3323 880 3401 AeliuS,
914 3341 985 3386 curn
1017 3323 1102 3386 iuter
1124 3324 1278 3402 populum
1302 3329 1336 3386 et

102 3445 198 3508 reges
221 3427 432 3508 nationesque
456 3431 489 3490 et
511 3426 661 3490 civitates
683 3425 874 3506 peregrinas
895 3424 947 3488 lex
974 3425 1140 3503 convenit,
1174 3425 1333 3506 quomodo

103 3550 164 3612 per
187 3529 421 3617 reciperatores
444 3515 624 3593 reddantur
646 3546 698 3592 res
721 3528 1025 3609 reciperenturque,
1048 3545 1165 3608 resque
1189 3528 1334 3608 privatas

102 3635 191 3697 inter
213 3649 247 3696 se
271 3635 517 3712 persequantur.
561 3629 598 3694 F.
621 3634 696 3694 274.

103 3734 373 3814 Reciprocare
396 3750 453 3812 pro
478 3730 574 3795 ‘ultro
598 3733 744 3812 citroque
768 3727 909 3812 poscere’
931 3730 982 3793 usi
1004 3734 1080 3794 sunt
1099 3730 1235 3811 antiqui,
1260 3729 1335 3812 quia

102 3853 241 3918 procare
261 3840 310 3898 est
329 3851 471 3912 poscere.
515 3832 552 3896 F.
584 3835 662 3897 274.
699 3831 735 3913 (c.
761 3831 907 3912 Proetum.)

98 3937 387 4015 *Redemptor'es
406 3936 534 4015 proprie
545 3939 645 4016 atque
654 3924 789 4015 antiqua
799 3933 1029 3997 consuetudine
1048 3932 1250 4009 dicebantur,
1267 3932 1332 4014 qui,

103 4059 179 4105 cum
213 4037 289 4118 quid
311 4036 439 4116 publice
465 4035 647 4100 faciendum
665 4042 725 4099 aut
743 4034 960 4116 praebendum
983 4033 1201 4097 conduxerant
1223 4031 1333 4114 effece-

55 4249 62 4253 .
175 4207 202 4275 1)
223 4205 282 4258 Hoc
299 4202 367 4271 legit
387 4204 428 4265 ln,
446 4203 502 4256 M..-
520 4202 615 4270 ‘perit,'
634 4200 736 4255 emend.
755 4200 850 4269 ‘petit'.
867 4229 899 4238 —
919 4199 945 4264 2)
964 4198 1003 4254 Cf.
1023 4215 1047 4250 v.
1059 4196 1332 4268 dilectillonseripti.

100 4293 165 4348 Lio.
185 4293 256 4356 2,1.
283 4282 367 4340 Dion.
386 4288 469 4353 5,13.
506 4286 663 4355 Schwepler,
681 4290 747 4338 adm.
767 4283 860 4338 cesai.
883 4287 910 4346 2,
929 4287 987 4337 144.
1006 4313 1040 4322 -
1057 4283 1084 4349 3)
1103 4281 1274 4336 Publicanum
1292 4299 1333 4335 ra-

100 4378 209 4431 tionum
227 4369 338 4426 tabulae
356 4369 385 4422 in
402 4369 509 4425 iudiciis
524 4369 730 4440 repetundarum
742 4367 874 4423 iudicibus
884 4367 1061 4437 inspiciendae
1071 4365 1332 4422 circumferebantur.

103 4462 159 4516 Cic.
174 4478 205 4528 p.
224 4455 316 4510 Balbo
333 4453 357 4515 5,
376 4459 416 4508 11.
435 4456 473 4509 od
490 4458 546 4511 Arc.
565 4459 589 4518 1,
608 4457 650 4523 16,
668 4458 693 4507 4.
911 4455 912 4458 ’

1078 4538 1128 4592 17*
