3296 5370
331 452 394 516 120
724 449 780 504 Lex
797 447 967 515 municipalis
985 447 1154 515 Salpensana.

326 625 417 687 iussu
439 622 635 686 mandatuve
653 621 721 685 eius
745 641 764 685 a
788 637 914 702 quoque
931 624 1015 697 sunt,
1040 635 1079 682 ea
1097 617 1234 698 perinde
1253 618 1350 683 iusta
1369 618 1522 696 rataqme)
1538 620 1540 645 ¹

326 726 456 802 sintae
479 724 506 788 si
528 723 638 804 populi
661 723 803 803 plebisve
826 723 916 786 iussu
938 726 1013 786 acta
1036 725 1151 784 essent.
1177 716 1242 801 ω)

780 845 821 881 ω
845 821 985 888 Sanctio.
1008 819 1073 905 ω)

411 925 443 1008 Si
462 927 532 1007 quis
557 925 689 990 huiusce
706 926 788 1007 legis
807 943 883 1005 ergo
908 924 1062 988 adversus
1080 923 1169 1002 leges
1198 922 1398 1002 rogationes
1417 921 1546 1000 plebisve

273 1029 405 1098 asscita
425 1025 429 1110 )
449 1033 621 1092 senatusve
656 1027 802 1092 consulta
833 1023 910 1090 lecit
941 1023 1065 1102 fecerit,
1098 1025 1178 1102 sive,
1213 1024 1302 1103 quod
1329 1041 1406 1086 eum
1430 1022 1546 1101 exlege

324 1130 489 1210 rogatione
510 1127 514 1213 Ι
534 1129 677 1210 plebisve
700 1130 781 1194 seito
810 1129 1010 1207 stenatuslve
1041 1123 1210 1205 ctonsultol
1241 1123 1357 1188 lacere
1387 1123 1544 1204 oportebit,

324 1250 385 1294 non
407 1229 521 1295 lecerit
542 1230 638 1295 buius
661 1231 742 1312 legis
762 1229 766 1314 )
785 1249 872 1312 ergo,
903 1231 935 1293 id
959 1230 988 1293 ei
1011 1247 1051 1292 ne
1073 1225 1181 1292 fraudi
1204 1232 1286 1306 esto,
1316 1243 1404 1290 neve
1427 1227 1495 1306 quit
1514 1224 1545 1286 ob

323 1350 394 1394 eam
417 1349 484 1394 rem
507 1332 626 1410 populo
649 1332 726 1396 dare
749 1332 874 1410 debete,
895 1329 899 1415 )
919 1349 998 1395 neve
1022 1331 1074 1394 cui
1098 1330 1136 1394 de
1164 1347 1202 1393 ea
1230 1347 1266 1393 re
1290 1329 1384 1393 actio
1409 1344 1487 1392 neve
1507 1326 1545 1388 iu·

322 1434 441 1498 dicatio
465 1439 543 1512 esto,
567 1451 646 1497 neve
669 1435 741 1513 quis
764 1433 803 1496 de
827 1449 871 1496 ea·
887 1447 922 1496 re
945 1433 1031 1525 apud
1051 1425 1121 1516 lise
1143 1427 1371 1516 a]gi1sinito.
1396 1453 1438 1486 cv
1459 1425 1469 1510 )Ι

557 1659 584 1723 2.
607 1663 734 1744 Leges
757 1655 1019 1742 municipales
1044 1661 1319 1741 Hispanicae.2

737 1817 766 1859 a.
789 1805 864 1858 Lex
887 1797 1132 1870 salpensana.³

325 1925 548 2014 [R(rrbre‘ca.)
593 1935 638 2000 Ut
675 1935 927 2016 maqe'strutus
963 1935 1155 1996 ciuitatem
1189 1930 1401 1994 Romanam
1437 1947 1541 1992 corase-

547 2070 549 2076 ·
585 2041 756 2114 quanter.
1189 2048 1192 2054 '

410 2135 556 2208 XXI...
583 2137 645 2216 Qui
675 2137 768 2200 IIetr
797 2137 910 2201 aedilis
941 2141 1087 2215 quaestor
1128 2155 1165 2199 ea
1190 2129 1248 2198 bac
1270 2134 1338 2216 leqe
1359 2131 1469 2211 factus
1486 2131 1539 2204 erit,

394 2286 471 2352 1)111
493 2285 587 2340 tabula
610 2291 713 2355 partem
735 2287 843 2340 litterae
861 2282 896 2340 ‘S'
916 2285 1043 2354 conspici,
1066 2285 1132 2337 dicit
1157 2281 1248 2346 Grati,
1272 2285 1301 2336 at
1321 2285 1362 2337 nil
1383 2283 1437 2336 nisi
1454 2284 1538 2348 parton

323 2371 432 2424 litterae
449 2366 490 2423 ‘A’
513 2373 647 2424 servatam
669 2387 739 2438 esse,
763 2371 818 2439 ipse
837 2371 937 2424 Rornae
962 2369 1024 2423 vidi.
1049 2399 1083 2408 —
1107 2369 1133 2434 2)
1160 2369 1188 2422 0.
1206 2369 1231 2421 Ι.
1250 2368 1288 2433 L.>
1302 2373 1333 2434 2,
1352 2373 1417 2424 253.
1435 2385 1461 2419 a.
1477 2367 1537 2418 1963.

324 2459 399 2509 1964,
424 2485 457 2492 -
480 2456 510 2508 A.
534 2456 600 2510 1851
623 2457 651 2508 in
674 2456 803 2524 Hispania
833 2471 912 2524 prope
935 2455 1027 2508 urbem
1050 2455 1185 2523 Malagam
1208 2453 1275 2506 duae
1297 2455 1415 2507 tabulae
1440 2453 1540 2505 aheneae

312 2541 435 2598 =effossae
462 2542 533 2606 sunt,
560 2541 645 2595 altera
668 2541 685 2593 l.
709 2556 744 2592 m.
768 2540 835 2605 0,93,
859 2557 881 2595 a.
904 2557 939 2593 m.
962 2540 1029 2604 0‚l6‚
1052 2539 1079 2592 ll
1106 2539 1233 2592 columnis
1256 2538 1408 2606 iuscripta,
1433 2537 1511 2590 altera
1524 2532 1537 2582 l.

324 2641 358 2679 m.
384 2625 451 2687 129,
473 2640 496 2676 a.
519 2641 553 2677 m.
579 2625 647 2688 uel,
669 2625 693 2676 V
711 2624 839 2678 columnis
862 2625 997 2692 inscripta.
1034 2623 1149 2678 Consilio
1171 2639 1223 2676 non
1245 2637 1309 2676 casu
1333 2627 1412 2676 terra
1434 2619 1538 2675 conditae

327 2723 384 2761 esse
402 2707 534 2774 videntur,
552 2723 611 2760 cum
629 2708 729 2775 tegulis
748 2707 908 2761 substructis
926 2706 1067 2776 impositae
1085 2707 1266 2776 apparuerint,
1285 2707 1371 2763 immo
1386 2707 1469 2760 ctiam
1481 2702 1538 2756 telae

326 2793 434 2856 linteae,
453 2807 505 2858 qua
522 2791 658 2844 involutae
676 2792 790 2855 fueraut,
809 2793 934 2861 reliquiae
952 2796 1073 2861 repertae
1092 2793 1156 2858 sint,
1174 2792 1244 2844 unde
1262 2793 1391 2860 contigit,
1402 2794 1433 2844 ut
1448 2799 1536 2856 prorsus

327 2877 452 2942 integrae
471 2875 621 2943 optimeque
639 2879 807 2930 conservatae
825 2877 853 2928 in
871 2879 956 2931 lucem
974 2878 1127 2945 prodierint.
1163 2876 1219 2930 Nec
1238 2880 1331 2930 tamen
1351 2876 1537 2945 legesintegras

327 2961 372 3015 secl
391 2961 518 3028 abruptas
536 2962 643 3013 tantum
662 2962 752 3029 legum
770 2965 859 3030 partes
876 2963 986 3016 tabulae
996 2963 1130 3026 exhibent,
1142 2962 1228 3015 minor
1237 2978 1258 3014 c.
1270 2962 1387 3026 21-89,
1397 2960 1479 3014 maior
1488 2972 1506 3008 c.
1515 2954 1538 3007 bl

327 3049 404 3114 --69‚
414 3062 481 3114 quae
491 3045 579 3112 capita
587 3061 753 3100 numerorum
762 3046 832 3102 uotis
841 3048 1005 3115 rubricisque
1015 3064 1094 3115 supra
1104 3047 1218 3113 scriptis,
1228 3046 1321 3101 littera
1331 3043 1374 3100 ‘R'
1387 3046 1470 3100 cuivis
1479 3054 1538 3109 prae·

328 3133 417 3194 missa,
436 3130 565 3183 distincta
582 3132 652 3183 sunt.
688 3130 783 3186 Partes
801 3148 858 3186 esse
876 3133 966 3200 legum
981 3131 1180 3199 municipalium
1196 3121 1405 3198 municipiorum
1416 3130 1537 3197 superae

328 3220 355 3269 et
373 3215 490 3268 Malacae
508 3231 538 3267 er
557 3215 621 3282 ipsis
639 3215 705 3296 satis
722 3219 809 3286 patet,
828 3233 894 3285 quas
913 3218 986 3285 leges
1004 3234 1028 3270 a.
1047 3216 1087 3270 Fl.
1099 3216 1250 3269 Domitiano
1268 3215 1432 3282 imperatore
1443 3206 1538 3276 (81-96

327 3317 352 3368 p.
372 3300 413 3363 Ο.)
432 3299 509 3352 datas
528 3316 584 3352 esse
603 3316 662 3352 cum
681 3317 712 3354 ex
731 3302 886 3368 cognomine
905 3295 1106 3370 municipiorum
1124 3297 1230 3352 ‘Flavii’
1248 3299 1320 3368 Salp.
1341 3300 1445 3355 etMal.
1460 3294 1535 3364 (δ’-26,

328 3389 374 3450 28,
392 3387 436 3438 29.
455 3384 495 3436 M.
514 3388 557 3448 58,
575 3387 617 3448 61,
634 3389 679 3448 62,
697 3389 748 3449 64.)
775 3387 957 3452 intellegitur,
980 3388 1039 3439 tum
1065 3402 1096 3438 ex
1114 3385 1227 3438 formula
1245 3384 1436 3439 iurisiurandi
1453 3380 1490 3450 (S.
1506 3379 1537 3438 25>

328 3473 371 3524 26.
391 3468 436 3522 Μ,
450 3472 494 3534 69)
513 3469 625 3538 aliisque
643 3469 683 3535 (S.
701 3471 828 3535 22424).
866 3471 932 3524 Cum
950 3474 1040 3524 autern
1051 3470 1206 3523 Domitiano
1223 3485 1368 3536 cognomen
1381 3455 1536 3525 ‘Germanici’

329 3553 398 3622 quod
420 3554 454 3607 84
471 3570 494 3622 p.
515 3553 544 3608 O.
564 3555 682 3622 accepit,
707 3555 828 3609 additum
850 3555 966 3609 nondum
988 3555 1038 3618 sit,
1071 3555 1143 3608 intra
1164 3571 1189 3612 a.
1214 3556 1247 3608 81
1266 3557 1294 3608 ct
1312 3555 1348 3608 84
1366 3555 1478 3621 scriptae
1495 3547 1536 3598 sini

330 3655 435 3709 necesse
452 3641 502 3692 est.
521 3667 554 3676 -
572 3639 667 3692 Editae
685 3642 749 3692 sunt
767 3641 883 3708 primum
900 3641 928 3692 in
938 3640 1067 3706 Hispania
1086 3655 1109 3692 a.
1123 3640 1187 3694 1853
1205 3639 1239 3693 ab
1256 3636 1536 3694 advocatoMalacitaro

330 3723 366 3779 R.
391 3722 423 3774 de
448 3723 602 3792 Barium,
625 3725 653 3776 in
676 3724 817 3779 Germania
839 3725 906 3778 1855
929 3742 945 3778 a
967 3724 1131 3795 Mommsmro
1152 3724 1255 3778 adiecto
1278 3724 1467 3779 commentario
1486 3715 1537 3784 (Die

331 3807 500 3862 Stadtrecble
516 3808 542 3860 d.
561 3808 638 3862 latia.
650 3809 723 3864 (iem.
743 3809 800 3863 sai.
819 3826 846 3863 a.
866 3808 953 3873 Mal.)‚
971 3809 1111 3862 novissime
1130 3808 1163 3860 ab
1182 3804 1312 3878 Hctbaero
1330 3809 1359 3862 in
1378 3809 1406 3864 C.
1426 3809 1444 3861 l.
1462 3805 1487 3857 L.
1502 3800 1534 3852 cil·

330 3897 368 3946 De
382 3891 535 3946 tabularum
553 3891 611 3946 fide¹
623 3892 746 3946 dubitare
764 3910 815 3946 non
835 3893 913 3955 licet;
933 3909 999 3961 quae
1017 3897 1108 3947 tamen
1125 3894 1207 3946 movit
1226 3893 1306 3946 dubia
1324 3894 1381 3949 Ed.
1399 3887 1536 3952 nabulae

331 3978 394 4044 (Lea
412 3977 495 4032 tables
512 3977 544 4030 de
562 3977 602 4030 M.
620 3983 645 4030 et
662 3978 691 4031 S.
709 3982 788 4043 1856)
805 3982 957 4046 temereque
976 3973 1126 4030 recantavit
1144 3977 1177 4032 G.
1195 3978 1283 4032 Askar
1300 3977 1368 4044 (Sar
1386 3980 1497 4048 l'e'poqae
1511 3991 1536 4006 θ

236 4098 238 4103 ·
331 4061 357 4116 d.
379 4063 432 4116 tab.
455 4061 488 4114 de
509 4061 578 4114 Mal.
601 4065 679 4115 1866.
720 4062 801 4116 Ueber
820 4061 886 4131 Gap.
908 4067 947 4116 22
965 4061 990 4114 d.
1013 4063 1073 4128 Ταί.
1095 4079 1118 4116 a.
1139 4049 1534 4130 Salp.1867.),·refutarunc6.

332 4146 440 4200 Giraud
462 4146 526 4209 (Les
547 4146 630 4200 tables
652 4146 684 4200 de
706 4146 736 4200 S.
759 4153 783 4201 et
804 4147 845 4202 M.
868 4150 945 4201 1856.
981 4146 1027 4199 La
1048 4147 1091 4200 lea
1107 4147 1210 4202 llatae
1233 4151 1313 4214 1868)
1336 4151 1365 4202 et
1389 4150 1422 4203 L.
1440 4139 1535 4200 Amtdlb

331 4231 418 4284 ZRG.
437 4233 461 4297 6,
480 4234 538 4284 393.
576 4230 619 4284 Aci
636 4232 807 4286 illustrandos
826 4232 945 4298 singulos
962 4232 1028 4284 iuris
1046 4231 1170 4285 articulos
1189 4233 1284 4301 quibus
1301 4234 1389 4288 lucem
1404 4221 1533 4288 attulerunt

332 4315 451 4378 tabulae,
469 4316 616 4385 nonspauei
634 4318 906 4384 contuleruntoperas
924 4333 971 4368 suo
989 4317 1099 4384 quisque
1112 4315 1534 4388 loeo,universastabulaspraeier

333 4398 413 4451 Mom.
432 4401 618 4454 tractaverunt
635 4401 733 4454 Batavi
750 4418 804 4456 aaa
821 4401 895 4464 Liar,
913 4399 946 4452 de
963 4415 1024 4452 aere
1042 4399 1071 4453 S.
1089 4407 1114 4454 et
1131 4402 1170 4455 M.
1187 4406 1265 4466 1865,
1283 4405 1311 4456 et
1329 4399 1532 4459 caesanam,
1597 4407 1598 4424 ¹

225 4493 227 4496 ·
334 4481 366 4534 de
383 4499 445 4536 aere
466 4482 495 4537 8.
515 4490 539 4538 et
556 4485 595 4539 M
614 4490 692 4540 1866.
711 4516 744 4526 -
761 4487 787 4552 3)
807 4485 934 4552 Salpensa
952 4483 1077 4552 oppidum
1095 4502 1174 4555 prope
1192 4487 1333 4556 Hispalim.
