3330 5400
561 404 645 472 Leges
665 403 718 457 XII
737 406 899 460 tabularum.
1304 407 1346 471 29

208 577 258 640 20.
282 597 309 642 a.
339 577 414 658 Uip.
432 577 475 640 od
496 577 541 641 od.
564 575 622 658 (D.
645 581 700 655 26,
724 583 774 655 10,
799 583 827 656 1,
850 580 895 659 21·
917 580 1058 658 suspecti
1081 579 1200 643 crimen
1232 597 1249 642 e
1275 579 1348 659 lege

71 709 73 716 ·
123 680 186 744 XII
204 680 270 744 tab.
287 679 490 743 descendere.
513 713 555 724 -—
586 677 615 742 b.
633 679 793 760 Trppdoo.
819 680 899 758 disp.
925 680 981 760 (D.
1003 685 1057 757 26,
1081 685 1110 758 7,
1134 683 1244 759 55,1).·
1278 679 1311 744 Si
1331 715 1348 746 s

123 788 249 846 tutores
264 799 331 844 rem
349 781 465 860 pupilli
484 780 581 844 furati
596 787 681 859 sunt,
704 776 875 846 videamus.
893 801 934 846 an
949 801 988 846 ea
1011 783 1146 861 actione,
1170 801 1251 863 quae
1274 802 1348 863 pro-

123 884 258 964 ponitur
274 902 312 945 ex
334 883 405 964 lege
427 881 491 946 XII
515 884 581 947 tob.
605 883 759 946 adversus
783 889 923 947 tutorem
948 884 980 948 iu
1004 883 1148 965 duplum,
1172 884 1289 964 singuli
1314 885 1345 947 in

125 987 263 1050 solidum
283 992 462 1050 teneantur.

210 1085 260 1150 21.
285 1088 439 1150 Pnunouus
451 1087 480 1150 'si
491 1111 602 1152 curuum
616 1111 750 1152 unnuouu
762 1111 886 1158 nocuum,
901 1110 988 1154 escun
998 1088 1091 1152 uero¹

209 1188 259 1252 22.
299 1189 355 1267 Qur
369 1213 401 1253 su
415 1213 508 1253 smum
526 1213 682 1254 unsrnnmu
700 1214 886 1255 urenmuusvu
910 1213 1023 1259 sunnin,
1043 1213 1074 1253 m
1091 1212 1287 1254 uusmuouruu
1304 1213 1350 1253 ur-

128 1291 261 1364 TIlITUR,²
277 1314 414 1356 INPROBI'S
429 1315 679 1366 INTESTABILISQUE
695 1316 769 1357 ESTO.

208 1395 257 1460 23.
277 1396 354 1461 Geli.
372 1395 438 1476 (20,
456 1401 483 1474 1,
500 1398 565 1479 53);
588 1416 626 1460 ex
642 1395 704 1460 XII
720 1397 785 1460 tab.
803 1433 845 1442 -
864 1398 891 1461 si
906 1417 989 1462 nunc
1005 1414 1138 1478 quoque,
1155 1394 1208 1476 qui
1228 1392 1346 1458 falsum

13 1531 16 1540 .
124 1499 338 1564 testimonium
363 1499 481 1562 dixisse
505 1499 668 1562 convictus
692 1503 785 1576 esset,
810 1518 827 1562 0
850 1517 927 1563 saxo
951 1497 1087 1579 Tarpeio
1111 1497 1300 1561 deiceretur.
1341 1581 1344 1588 γ

131 1653 134 1658 .
206 1599 256 1664 24.
280 1620 309 1665 a.
326 1599 358 1664 Su
372 1623 469 1664 runnu
483 1623 563 1692 uuuu
576 1623 661 1664 ruem
675 1623 762 1664 nnors
776 1623 853 1672 ouuu
867 1623 942 1664 mom
964 1652 970 1664 .
987 1649 995 1664 .

13 1767 17 1780 ,
204 1703 235 1768 b.
251 1703 312 1767 Cic.
326 1703 401 1786 (top.
415 1705 484 1784 17).·
506 1703 589 1766 aries
613 1703 772 1767 subicitur
801 1705 855 1767 ille
889 1705 922 1767 in
952 1703 1069 1768 vestris
1101 1700 1295 1779 actionibus,
1319 1701 1345 1764 si

13 1825 17 1884 ς,
123 1805 222 1870 telum
245 1825 342 1870 manu
365 1804 450 1885 fugit
472 1807 575 1886 magis
599 1823 694 1886 quam
716 1807 800 1870 iecit.

134 1919 138 1922 “
206 1929 231 1972 0.
249 1907 336 1971 Plio.
357 1907 401 1988 (o.
426 1908 454 1969 d.
478 1910 528 1984 18,
548 1911 578 1984 3,
603 1911 666 1987 121·
687 1907 827 1988 Frugem
850 1943 891 1951 —
914 1905 1199 1987 furtimspavisse,
1222 1929 1263 1950 —
1282 1901 1344 1968 XII

120 2011 241 2076 tubulis
264 2010 384 2090 capital
408 2015 488 2087 erat,
511 2007 555 2089 (8,
579 2009 612 2090 9)
636 2044 675 2054 -
699 2009 857 2089 gravius
880 2027 987 2089 quam
1009 2009 1047 2070 in
1069 2005 1302 2070 homicidio.³

204 2111 253 2174 25.
276 2112 349 2176 Goi.
372 2111 390 2175 l.
415 2111 471 2176 IV
484 2111 526 2173 od
546 2110 628 2173 XII
645 2110 705 2177 iob.
729 2109 850 2190 (D.50‚
871 2113 920 2186 16,
939 2111 1027 2191 2361·
1049 2107 1110 2185 Qui
1130 2102 1342 2172 ‘venenum'

13 2273 15 2302 ÷
118 2215 207 2292 dicit,
239 2215 366 2278 adicere
389 2213 498 2291 debet,
527 2217 637 2277 utrum
656 2206 822 2276 ‘malum'
856 2231 898 2276 an
927 2213 1060 2290 bonum;
1090 2229 1165 2274 uam
1188 2215 1221 2274 et
1243 2209 1343 2274 medi-

13 2351 16 2356 ·
118 2322 267 2381 cementa
289 2331 411 2379 venena
434 2319 519 2378 sunt.

202 2416 251 2480 26.
275 2418 376 2482 Lutro
399 2417 486 2498 (decl.
509 2419 544 2481 lo
559 2417 640 2490 Cot.
667 2419 729 2499 10).·
755 2417 898 2482 Primum
922 2415 985 2480 XII
1014 2414 1079 2479 tab.
1113 2419 1243 2480 cautum
1273 2431 1342 2478 esse

13 2583 16 2613 ,
118 2521 348 2603 cognoscimus,
371 2537 411 2582 ne
435 2519 506 2600 quis
529 2520 561 2583 in
585 2521 666 2584 urbe
689 2526 800 2584 coetus
823 2525 996 2584 nocturnos
1020 2517 1171 2598 agitaret.

202 2621 252 2688 27.
275 2621 351 2687 oar.
376 2621 394 2686 ι.
418 2621 474 2685 111
493 2621 534 2685 uo
558 2621 639 2685 mr
665 2623 724 2686 too.
747 2621 804 2704 (n.
828 2625 878 2699 47,
900 2625 957 2700 22,
985 2620 1035 2702 4).·
1061 2619 1120 2684 ins
1150 2616 1342 2700 (sosarnus)

14 2739 16 2746 ’
117 2731 313 2808 potestatem
336 2722 414 2788 lacit
436 2724 486 2788 lex
508 2723 585 2804 (XII
607 2723 697 2806 tab),
721 2724 904 2804 pactionem
921 2742 1017 2805 quum
1041 2723 1140 2788 velint
1163 2720 1225 2784 sibi
1247 2717 1341 2797 ferre,

14 2971 17 3000 ,
186 2937 227 2990 20.
246 2956 268 2990 a.
289 2935 341 2988 Cic.
362 2933 403 2994 ulo
421 2935 463 3000 off.
483 2938 507 2997 3,
526 2935 584 2998 rm:
610 2935 690 2988 ‘dolus
713 2939 794 2987 mulus
817 2945 842 2987 et
862 2938 964 3003 iegibus
987 2945 1041 2988 erat
1057 2904 1217 2999 vindicatus,
1241 2943 1270 2984 ut
1288 2931 1341 2997 [in]

14 3049 17 3062 .
118 3017 198 3067 tutele
219 3015 270 3065 XII
291 3011 405 3066 tabuIIs'.
445 3017 469 3067 b.
497 3011 549 3066 Cio.
575 3011 615 3080 (de
638 3028 676 3065 or.
695 3017 719 3075 1,
737 3016 778 3076 36,
797 3015 924 3076 166-7).·
966 3011 1047 3081 ‘turpi
1070 3016 1163 3066 tutelae
1184 3013 1285 3063 iudicio
1308 3037 1341 3045 —

117 3095 181 3144 alter
200 3094 258 3157 plus
276 3093 333 3158 lege
352 3095 450 3158 agendo
468 3095 580 3158 petebat,
599 3111 674 3159 quam
693 3103 816 3160 quantum
832 3094 874 3142 lex
892 3094 920 3142 in
937 3093 989 3142 XII
1007 3093 1058 3142 tab.
1076 3085 1244 3157 permiserat'.

185 3165 227 3219 21.
246 3163 319 3218 Sero.
337 3165 384 3233 (ad
401 3167 466 3217 Aen.
486 3169 510 3228 6,
529 3167 606 3232 609).·
641 3167 718 3219 ‘fraus
736 3171 831 3220 innexu
849 3164 965 3229 clienti3'
1002 3169 1105 3233 exlege
1123 3167 1175 3218 XII
1193 3168 1244 3217 tub.
1262 3167 1342 3230 veuit,

15 3283 16 3310 ,
117 3246 257 3312 inquibus
276 3246 313 3294 sio
331 3247 455 3308 scriptum
473 3253 521 3295 est:
540 3256 683 3294 ruunouus
701 3272 734 3279 -
751 3239 835 3292 usuo’.
853 3270 887 3278 ν
906 3244 943 3294 uf.
962 3239 1026 3308 Lep.
1045 3239 1124 3294 Rom.
1142 3243 1168 3293 2.

185 3318 227 3370 22.
246 3317 313 3370 Geli.
332 3320 458 3380 (15,13).·
488 3317 560 3370 ‘Item
583 3338 613 3370 ex
635 3321 728 3371 iisdem
753 3321 850 3370 tubulis
876 3321 905 3370 id
931 3338 1029 3386 quoque
1047 3330 1095 3370 est:
1124 3331 1171 3376 QUI
1198 3345 1231 3353 —
1257 3313 1341 3367 Esro'.

118 3397 186 3454 Gell.
208 3399 243 3464 (7,
261 3399 301 3455 71:
319 3393 464 3450 ‘testabilis’
482 3423 515 3432 -
533 3399 636 3449 verbum
650 3409 688 3449 est
700 3399 767 3464 legis
781 3399 907 3448 Horatiae
913 3414 920 3456 ;
944 3397 1100 3448 contrarium
1119 3405 1156 3445 est
1175 3397 1204 3445 iu
1221 3395 1273 3444 XII
1291 3397 1341 3445 tab.

115 3479 251 3542 scriptum:
272 3487 408 3526 INPROBUS
426 3503 460 3511 -
477 3470 561 3524 usro’.
581 3476 618 3525 uf.
636 3471 662 3525 I.
681 3476 769 3537 2,10,
788 3476 814 3526 6.

184 3548 225 3604 24.
244 3568 266 3600 a.
287 3545 342 3602 Cio.
361 3557 400 3617 (p.
422 3547 490 3600 Tull.
507 3551 620 3611 21,51).·
637 3549 711 3608 ‘Quis
730 3563 774 3615 est,
792 3554 834 3602 cui
850 3553 933 3617 magis
943 3553 1044 3617 ignosci
1059 3551 1201 3612 conveniet,
1219 3550 1340 3614 quonium

116 3648 155 3682 me
178 3631 210 3680 ad
236 3629 288 3679 XII
314 3631 364 3680 tab.
391 3645 505 3692 revocas,
532 3630 648 3694 quamsi
667 3631 725 3694 quis
752 3646 825 3694 quem
850 3629 997 3693 imprudens
1023 3627 1159 3677 occiderit?
1187 3651 1220 3661 —-
1246 3625 1342 3674 Tamen

116 3709 224 3760 huiusce
242 3706 281 3756 rei
292 3707 393 3756 veniam
410 3707 519 3755 maiores
538 3722 589 3754 nou
609 3705 742 3766 dederunt;
761 3722 819 3754 nem
836 3706 877 3754 lex
896 3713 932 3753 ost
950 3706 978 3754 iu
997 3704 1049 3753 XII
1067 3703 1128 3753 tab:
1154 3697 1341 3750 81—1Ecru’.

118 3783 172 3838 Cic.
192 3781 233 3848 (de
251 3796 289 3833 or.
309 3781 333 3838 3.
352 3781 394 3839 39,
412 3780 488 3836 loct:
512 3777 719 3846 ‘Nonnumquam
737 3781 849 3832 brevitas
868 3780 1034 3830 translatione
1052 3779 1196 3841 conficitur,
1214 3777 1338 3828 utillud:

121 3876 146 3912 su
164 3888 196 3897 —-
214 3855 314 3910 FUGIT’.
351 3854 465 3921 1109000.
485 3852 526 3920 (de
543 3853 587 3906 lib.
606 3853 662 3907 arb.
680 3858 705 3916 1,
723 3857 763 3908 eil:
794 3855 974 3906 ‘homicidium
992 3863 1127 3922 -potest
1153 3856 1266 3905 occidere
1293 3854 1342 3904 ali·
1399 3862 1402 3867 '

117 3939 217 4004 quando
236 3937 291 3986 sine
308 3943 420 3999 peceato,
438 3959 471 3966 -
490 3933 533 3984 cui
551 3934 614 3983 sorte
636 3933 721 3984 invito
739 3943 814 4000 utque
836 3932 995 3997 imprudenti
1018 3933 1094 3982 telum
1112 3948 1189 3982 manu
1202 3925 1288 3996 iugit’.
1308 3955 1341 3963 -

117 4018 141 4065 b.
162 4011 214 4064 Cic.
235 4009 375 4077 liop.17):
402 4006 493 4059 ‘iecere
511 4010 589 4060 telum
607 4011 747 4061 voluntatis
766 4019 812 4073 est,
830 4011 907 4058 ferire
925 4025 998 4074 quem
1016 4011 1138 4074 uolueris,
1155 4009 1283 4071 fortunam
1311 4026 1341 4059 ex

118 4110 167 4158 quo
186 4093 253 4141 aries
271 4085 323 4140 ille'
342 4089 387 4138 etc.
426 4087 463 4136 el.
482 4082 554 4136 Feci.
574 4087 672 4136 Subici.
692 4088 823 4151 Subigore.
858 4081 923 4150 Lep.
943 4081 1024 4135 Num.
1043 4087 1085 4136 13.

188 4300 215 4363 1)
234 4297 382 4350 Mommsen
404 4293 528 4362 (Forccb.
551 4299 582 4361 1,
600 4225 662 4357 304)
679 4294 743 4347 ins:
763 4294 830 4346 ‘Diti
853 4295 939 4361 patri',
962 4299 1069 4363 propter
1086 4297 1134 4365 lep.
1152 4294 1230 4348 Rom.
1249 4299 1275 4349 2.
1294 4295 1340 4350 ubi

120 4381 200 4448 ὅσιος
218 4390 269 4437 τοῦ
287 4383 483 4451 καταχθονίου
502 4379 576 4443 Διός.
595 4407 629 4416 -
647 4379 673 4444 2)
692 4379 737 4432 lca
756 4378 817 4434 Solu.
835 4382 923 4432 92=4
942 4397 987 4448 pro
1007 4381 1147 4434 ‘laniatur'¹
1167 4409 1200 4418 -—
1218 4381 1243 4444 3)
1253 4380 1339 4446 Quae·

119 4485 181 4522 uum
200 4467 283 4520 fuerit
300 4465 435 4520 homicidii
454 4479 544 4533 poena.
562 4467 667 4517 veteres
683 4463 757 4517 nobis
776 4481 827 4517 uon
846 4464 1023 4521 tradiderunt.
