<?xml version="1.0" encoding="UTF-8"?>
<!DOCTYPE html PUBLIC "-//W3C//DTD XHTML 1.0 Transitional//EN"
    "http://www.w3.org/TR/xhtml1/DTD/xhtml1-transitional.dtd">
<html xmlns="http://www.w3.org/1999/xhtml" xml:lang="en" lang="en">
 <head>
  <title>
</title>
<meta http-equiv="Content-Type" content="text/html;charset=utf-8" />
  <meta name='ocr-system' content='tesseract 3.04.00' />
  <meta name='ocr-capabilities' content='ocr_page ocr_carea ocr_par ocr_line ocrx_word'/>
</head>
<body>
  <div class='ocr_page' id='page_1' title='image "./fontesiurisroma02brungoog_0319.png"; bbox 0 0 3328 5356; ppageno 0'>
   <div class='ocr_carea' id='block_1_1' title="bbox 315 410 1005 480">
    <p class='ocr_par' dir='ltr' id='par_1_1' title="bbox 315 410 1005 480">
     <span class='ocr_line' id='line_1_1' title="bbox 315 410 1005 480; baseline 0.001 -15"><span class='ocrx_word' id='word_1_1' title='bbox 315 412 378 476; x_wconf 74' lang='lat'>288</span> <span class='ocrx_word' id='word_1_2' title='bbox 851 410 1005 480; x_wconf 74' lang='lat' dir='ltr'>Scriptores.</span> 
     </span>
    </p>
   </div>
   <div class='ocr_carea' id='block_1_2' title="bbox 309 582 1530 2395">
    <p class='ocr_par' dir='ltr' id='par_1_2' title="bbox 309 582 1530 1680">
     <span class='ocr_line' id='line_1_2' title="bbox 317 582 1529 664; baseline 0.003 -18"><span class='ocrx_word' id='word_1_3' title='bbox 317 582 610 664; x_wconf 85' lang='lat' dir='ltr'>Scripturarios</span> <span class='ocrx_word' id='word_1_4' title='bbox 629 587 764 661; x_wconf 91' lang='lat' dir='ltr'>veteres,</span> <span class='ocrx_word' id='word_1_5' title='bbox 781 601 861 664; x_wconf 93' lang='lat' dir='ltr'>quos</span> <span class='ocrx_word' id='word_1_6' title='bbox 875 601 960 648; x_wconf 89' lang='lat' dir='ltr'>nunc</span> <span class='ocrx_word' id='word_1_7' title='bbox 979 583 1157 649; x_wconf 84' lang='lat' dir='ltr'><strong>tabularios</strong></span> <span class='ocrx_word' id='word_1_8' title='bbox 1176 583 1321 662; x_wconf 90' lang='lat' dir='ltr'>dicimus,</span> <span class='ocrx_word' id='word_1_9' title='bbox 1332 585 1395 649; x_wconf 86' lang='lat' dir='ltr'>dici</span> <span class='ocrx_word' id='word_1_10' title='bbox 1411 586 1529 663; x_wconf 81' lang='lat' dir='ltr'>volunt3</span> 
     </span>
     <span class='ocr_line' id='line_1_3' title="bbox 315 684 1530 774; baseline 0 -26"><span class='ocrx_word' id='word_1_11' title='bbox 315 686 399 767; x_wconf 92' lang='lat' dir='ltr'>quod</span> <span class='ocrx_word' id='word_1_12' title='bbox 417 686 585 768; x_wconf 89' lang='lat' dir='ltr'>scripturis</span> <span class='ocrx_word' id='word_1_13' title='bbox 599 690 633 750; x_wconf 90' lang='lat' dir='ltr'>et</span> <span class='ocrx_word' id='word_1_14' title='bbox 647 685 886 750; x_wconf 90' lang='lat' dir='ltr'>commentariis</span> <span class='ocrx_word' id='word_1_15' title='bbox 904 686 1010 774; x_wconf 90' lang='lat' dir='ltr'>omnia</span> <span class='ocrx_word' id='word_1_16' title='bbox 1027 685 1078 750; x_wconf 85' lang='lat' dir='ltr'>vel</span> <span class='ocrx_word' id='word_1_17' title='bbox 1098 685 1226 750; x_wconf 89' lang='lat' dir='ltr'>urbium</span> <span class='ocrx_word' id='word_1_18' title='bbox 1241 684 1530 766; x_wconf 82' lang='lat' dir='ltr'>velprouinciarum</span> 
     </span>
     <span class='ocr_line' id='line_1_4' title="bbox 315 782 1530 866; baseline 0 -16"><span class='ocrx_word' id='word_1_19' title='bbox 315 786 613 866; x_wconf 79' lang='lat' dir='ltr'>complecterentur.</span> <span class='ocrx_word' id='word_1_20' title='bbox 663 786 808 852; x_wconf 81' lang='lat' dir='ltr'>Lucilius</span> <span class='ocrx_word' id='word_1_21' title='bbox 833 789 854 852; x_wconf 91' lang='lat' dir='ltr'>l.</span> <span class='ocrx_word' id='word_1_22' title='bbox 883 787 1009 852; x_wconf 80' lang='lat' dir='ltr'>XXVI:</span> <span class='ocrx_word' id='word_1_23' title='bbox 1041 782 1249 852; x_wconf 87' lang='lat' dir='ltr'>‘Publicanos</span> <span class='ocrx_word' id='word_1_24' title='bbox 1274 804 1350 851; x_wconf 86' lang='lat' dir='ltr'>vero</span> <span class='ocrx_word' id='word_1_25' title='bbox 1378 792 1415 851; x_wconf 94' lang='lat' dir='ltr'>ut</span> <span class='ocrx_word' id='word_1_26' title='bbox 1442 788 1530 852; x_wconf 83' lang='lat' dir='ltr'>Asiae</span> 
     </span>
     <span class='ocr_line' id='line_1_5' title="bbox 313 885 1205 970; baseline -0.001 -19"><span class='ocrx_word' id='word_1_27' title='bbox 313 885 398 967; x_wconf 88' lang='lat' dir='ltr'>fiam,</span> <span class='ocrx_word' id='word_1_28' title='bbox 421 894 458 952; x_wconf 94' lang='lat' dir='ltr'>ut</span> <span class='ocrx_word' id='word_1_29' title='bbox 481 887 730 970; x_wconf 87' lang='lat' dir='ltr'>scripturarius’.</span> <span class='ocrx_word' id='word_1_30' title='bbox 775 893 828 953; x_wconf 77' lang='lat'>26.</span> <span class='ocrx_word' id='word_1_31' title='bbox 874 891 963 968; x_wconf 75' lang='lat' dir='ltr'>(Fert.</span> <span class='ocrx_word' id='word_1_32' title='bbox 981 887 1205 970; x_wconf 63' lang='lat' dir='ltr'>scommatice.)</span> 
     </span>
     <span class='ocr_line' id='line_1_6' title="bbox 315 987 1530 1072; baseline -0.001 -19"><span class='ocrx_word' id='word_1_33' title='bbox 315 987 683 1072; x_wconf 72' lang='lat' dir='ltr'>sexagenariosper</span> <span class='ocrx_word' id='word_1_34' title='bbox 709 995 839 1072; x_wconf 91' lang='lat' dir='ltr'>pontem</span> <span class='ocrx_word' id='word_1_35' title='bbox 870 991 1045 1056; x_wconf 90' lang='lat' dir='ltr'>mittendos</span> <span class='ocrx_word' id='word_1_36' title='bbox 1072 991 1156 1056; x_wconf 87' lang='lat' dir='ltr'>male</span> <span class='ocrx_word' id='word_1_37' title='bbox 1186 991 1243 1055; x_wconf 91' lang='lat' dir='ltr'>diu</span> <span class='ocrx_word' id='word_1_38' title='bbox 1265 990 1466 1071; x_wconf 84' lang='lat' dir='ltr'>popularitas</span> <span class='ocrx_word' id='word_1_39' title='bbox 1487 991 1530 1054; x_wconf 90' lang='lat' dir='ltr'>in-</span> 
     </span>
     <span class='ocr_line' id='line_1_7' title="bbox 314 1091 1529 1175; baseline 0.002 -21"><span class='ocrx_word' id='word_1_40' title='bbox 314 1091 452 1172; x_wconf 86' lang='lat' dir='ltr'>tellexit,</span> <span class='ocrx_word' id='word_1_41' title='bbox 481 1111 553 1159; x_wconf 89' lang='lat' dir='ltr'>cnm</span> <span class='ocrx_word' id='word_1_42' title='bbox 576 1092 679 1158; x_wconf 89' lang='lat' dir='ltr'>Varro</span> <span class='ocrx_word' id='word_1_43' title='bbox 708 1094 748 1158; x_wconf 91' lang='lat' dir='ltr'>de</span> <span class='ocrx_word' id='word_1_44' title='bbox 774 1093 842 1160; x_wconf 86' lang='lat' dir='ltr'>vita</span> <span class='ocrx_word' id='word_1_45' title='bbox 864 1113 894 1175; x_wconf 90' lang='lat' dir='ltr'>p.</span> <span class='ocrx_word' id='word_1_46' title='bbox 917 1093 955 1158; x_wconf 88' lang='lat' dir='ltr'>R.</span> <span class='ocrx_word' id='word_1_47' title='bbox 980 1127 1017 1140; x_wconf 87' lang='lat'>-</span> <span class='ocrx_word' id='word_1_48' title='bbox 1043 1093 1212 1158; x_wconf 90' lang='lat' dir='ltr'>honestam</span> <span class='ocrx_word' id='word_1_49' title='bbox 1236 1111 1369 1156; x_wconf 89' lang='lat' dir='ltr'>causam</span> <span class='ocrx_word' id='word_1_50' title='bbox 1383 1125 1399 1158; x_wconf 66' lang='lat' dir='ltr'>r</span> <span class='ocrx_word' id='word_1_51' title='bbox 1414 1091 1529 1172; x_wconf 87' lang='lat' dir='ltr'>patel-</span> 
     </span>
     <span class='ocr_line' id='line_1_8' title="bbox 313 1193 1529 1276; baseline 0.002 -20"><span class='ocrx_word' id='word_1_52' title='bbox 313 1193 408 1256; x_wconf 90' lang='lat' dir='ltr'>cerit:</span> <span class='ocrx_word' id='word_1_53' title='bbox 432 1195 514 1258; x_wconf 86' lang='lat' dir='ltr'>‘cum</span> <span class='ocrx_word' id='word_1_54' title='bbox 536 1195 570 1258; x_wconf 94' lang='lat' dir='ltr'>in</span> <span class='ocrx_word' id='word_1_55' title='bbox 594 1195 743 1274; x_wconf 89' lang='lat' dir='ltr'>quintum</span> <span class='ocrx_word' id='word_1_56' title='bbox 766 1195 906 1276; x_wconf 85' lang='lat' dir='ltr'>gradum</span> <span class='ocrx_word' id='word_1_57' title='bbox 929 1200 1146 1275; x_wconf 87' lang='lat' dir='ltr'>pervenerant</span> <span class='ocrx_word' id='word_1_58' title='bbox 1168 1199 1267 1274; x_wconf 86' lang='lat' dir='ltr'>atque</span> <span class='ocrx_word' id='word_1_59' title='bbox 1289 1193 1457 1259; x_wconf 87' lang='lat' dir='ltr'>habebant</span> <span class='ocrx_word' id='word_1_60' title='bbox 1477 1194 1529 1258; x_wconf 84' lang='lat' dir='ltr'>Lll</span> 
     </span>
     <span class='ocr_line' id='line_1_9' title="bbox 309 1295 1529 1378; baseline 0.001 -20"><span class='ocrx_word' id='word_1_61' title='bbox 309 1313 421 1374; x_wconf 89' lang='lat' dir='ltr'>annos,</span> <span class='ocrx_word' id='word_1_62' title='bbox 446 1301 515 1360; x_wconf 90' lang='lat' dir='ltr'>tum</span> <span class='ocrx_word' id='word_1_63' title='bbox 540 1297 679 1378; x_wconf 89' lang='lat' dir='ltr'>denique</span> <span class='ocrx_word' id='word_1_64' title='bbox 702 1301 796 1361; x_wconf 91' lang='lat' dir='ltr'>erant</span> <span class='ocrx_word' id='word_1_65' title='bbox 819 1316 838 1361; x_wconf 93' lang='lat' dir='ltr'>a</span> <span class='ocrx_word' id='word_1_66' title='bbox 861 1297 999 1377; x_wconf 88' lang='lat' dir='ltr'>publicis</span> <span class='ocrx_word' id='word_1_67' title='bbox 1021 1297 1160 1378; x_wconf 90' lang='lat' dir='ltr'>negotiis</span> <span class='ocrx_word' id='word_1_68' title='bbox 1182 1295 1276 1360; x_wconf 90' lang='lat' dir='ltr'>liberi</span> <span class='ocrx_word' id='word_1_69' title='bbox 1310 1300 1410 1376; x_wconf 88' lang='lat' dir='ltr'>atque</span> <span class='ocrx_word' id='word_1_70' title='bbox 1433 1297 1529 1360; x_wconf 92' lang='lat' dir='ltr'>otiosi.</span> 
     </span>
     <span class='ocr_line' id='line_1_10' title="bbox 312 1397 1529 1480; baseline 0.001 -20"><span class='ocrx_word' id='word_1_71' title='bbox 312 1397 388 1461; x_wconf 90' lang='lat' dir='ltr'>ldeo</span> <span class='ocrx_word' id='word_1_72' title='bbox 411 1397 443 1460; x_wconf 91' lang='lat' dir='ltr'>in</span> <span class='ocrx_word' id='word_1_73' title='bbox 467 1397 636 1477; x_wconf 87' lang='lat' dir='ltr'>proverbio</span> <span class='ocrx_word' id='word_1_74' title='bbox 663 1397 791 1478; x_wconf 87' lang='lat' dir='ltr'>quidam</span> <span class='ocrx_word' id='word_1_75' title='bbox 820 1403 936 1480; x_wconf 87' lang='lat' dir='ltr'>putant</span> <span class='ocrx_word' id='word_1_76' title='bbox 962 1399 1102 1477; x_wconf 87' lang='lat' dir='ltr'>venisse,</span> <span class='ocrx_word' id='word_1_77' title='bbox 1133 1403 1171 1462; x_wconf 94' lang='lat' dir='ltr'>ut</span> <span class='ocrx_word' id='word_1_78' title='bbox 1198 1398 1376 1476; x_wconf 83' lang='lat' dir='ltr'>diceretur,</span> <span class='ocrx_word' id='word_1_79' title='bbox 1404 1415 1529 1478; x_wconf 86' lang='lat' dir='ltr'>sexage-</span> 
     </span>
     <span class='ocr_line' id='line_1_11' title="bbox 311 1497 1528 1580; baseline 0.001 -19"><span class='ocrx_word' id='word_1_80' title='bbox 311 1499 420 1562; x_wconf 91' lang='lat' dir='ltr'>narios</span> <span class='ocrx_word' id='word_1_81' title='bbox 443 1499 483 1563; x_wconf 91' lang='lat' dir='ltr'>de</span> <span class='ocrx_word' id='word_1_82' title='bbox 504 1504 602 1580; x_wconf 91' lang='lat' dir='ltr'>ponte</span> <span class='ocrx_word' id='word_1_83' title='bbox 626 1499 708 1564; x_wconf 89' lang='lat' dir='ltr'>deici</span> <span class='ocrx_word' id='word_1_84' title='bbox 731 1505 895 1580; x_wconf 88' lang='lat' dir='ltr'>oportere,</span> <span class='ocrx_word' id='word_1_85' title='bbox 918 1501 940 1564; x_wconf 93' lang='lat' dir='ltr'>i.</span> <span class='ocrx_word' id='word_1_86' title='bbox 963 1518 989 1565; x_wconf 89' lang='lat' dir='ltr'>e.</span> <span class='ocrx_word' id='word_1_87' title='bbox 1013 1501 1098 1580; x_wconf 88' lang='lat' dir='ltr'>quod</span> <span class='ocrx_word' id='word_1_88' title='bbox 1119 1497 1310 1579; x_wconf 84' lang='lat' dir='ltr'>suffragium</span> <span class='ocrx_word' id='word_1_89' title='bbox 1334 1517 1398 1563; x_wconf 92' lang='lat' dir='ltr'>non</span> <span class='ocrx_word' id='word_1_90' title='bbox 1420 1497 1528 1578; x_wconf 87' lang='lat' dir='ltr'>ferant,</span> 
     </span>
     <span class='ocr_line' id='line_1_12' title="bbox 312 1599 938 1680; baseline 0.002 -18"><span class='ocrx_word' id='word_1_91' title='bbox 312 1600 398 1680; x_wconf 89' lang='lat' dir='ltr'>quod</span> <span class='ocrx_word' id='word_1_92' title='bbox 421 1617 479 1680; x_wconf 90' lang='lat' dir='ltr'>per</span> <span class='ocrx_word' id='word_1_93' title='bbox 502 1606 632 1680; x_wconf 90' lang='lat' dir='ltr'>pontem</span> <span class='ocrx_word' id='word_1_94' title='bbox 654 1599 821 1666; x_wconf 85' lang='lat' dir='ltr'>ferebant&#39;.</span> <span class='ocrx_word' id='word_1_95' title='bbox 866 1605 938 1665; x_wconf 82' lang='grc'><strong><em>358.</em></strong></span> 
     </span>
    </p>

    <p class='ocr_par' dir='ltr' id='par_1_3' title="bbox 310 1699 1528 2395">
     <span class='ocr_line' id='line_1_13' title="bbox 312 1699 1528 1784; baseline 0.002 -20"><span class='ocrx_word' id='word_1_96' title='bbox 312 1699 393 1764; x_wconf 91' lang='lat' dir='ltr'>Usu</span> <span class='ocrx_word' id='word_1_97' title='bbox 420 1701 439 1764; x_wconf 91' lang='lat' dir='ltr'>i.</span> <span class='ocrx_word' id='word_1_98' title='bbox 463 1720 488 1766; x_wconf 90' lang='lat' dir='ltr'>e.</span> <span class='ocrx_word' id='word_1_99' title='bbox 511 1702 646 1780; x_wconf 91' lang='lat' dir='ltr'>utendo,</span> <span class='ocrx_word' id='word_1_100' title='bbox 673 1703 758 1767; x_wconf 91' lang='lat' dir='ltr'>unda</span> <span class='ocrx_word' id='word_1_101' title='bbox 788 1709 821 1767; x_wconf 91' lang='lat' dir='ltr'>et</span> <span class='ocrx_word' id='word_1_102' title='bbox 842 1721 1002 1784; x_wconf 88' lang='lat' dir='ltr'>usurpare</span> <span class='ocrx_word' id='word_1_103' title='bbox 1026 1703 1145 1766; x_wconf 88' lang='lat' dir='ltr'>dictum</span> <span class='ocrx_word' id='word_1_104' title='bbox 1170 1707 1233 1782; x_wconf 91' lang='lat' dir='ltr'>est,</span> <span class='ocrx_word' id='word_1_105' title='bbox 1262 1701 1420 1767; x_wconf 77' lang='lat' dir='ltr'>obtineri¹</span> <span class='ocrx_word' id='word_1_106' title='bbox 1442 1701 1528 1782; x_wconf 87' lang='lat' dir='ltr'>quid-</span> 
     </span>
     <span class='ocr_line' id='line_1_14' title="bbox 312 1803 1526 1885; baseline 0.001 -20"><span class='ocrx_word' id='word_1_107' title='bbox 312 1821 409 1883; x_wconf 91' lang='lat' dir='ltr'>quam</span> <span class='ocrx_word' id='word_1_108' title='bbox 431 1821 536 1884; x_wconf 63' lang='lat' dir='ltr'>possm</span> <span class='ocrx_word' id='word_1_109' title='bbox 564 1805 616 1868; x_wconf 66' lang='grc' dir='ltr'>αι’</span> <span class='ocrx_word' id='word_1_110' title='bbox 637 1810 763 1869; x_wconf 89' lang='lat' dir='ltr'>veteres</span> <span class='ocrx_word' id='word_1_111' title='bbox 785 1823 845 1869; x_wconf 91' lang='lat' dir='ltr'>usu</span> <span class='ocrx_word' id='word_1_112' title='bbox 868 1805 988 1885; x_wconf 88' lang='lat' dir='ltr'>perire,</span> <span class='ocrx_word' id='word_1_113' title='bbox 1011 1805 1072 1868; x_wconf 89' lang='lat' dir='ltr'>hoc</span> <span class='ocrx_word' id='word_1_114' title='bbox 1094 1809 1229 1870; x_wconf 88' lang='lat' dir='ltr'>estnon</span> <span class='ocrx_word' id='word_1_115' title='bbox 1253 1805 1386 1884; x_wconf 85' lang='lat' dir='ltr'>utendo,</span> <span class='ocrx_word' id='word_1_116' title='bbox 1410 1803 1526 1884; x_wconf 89' lang='lat' dir='ltr'>aliquid</span> 
     </span>
     <span class='ocr_line' id='line_1_15' title="bbox 312 1904 1527 1989; baseline -0.002 -21"><span class='ocrx_word' id='word_1_117' title='bbox 312 1921 420 1983; x_wconf 85' lang='lat' dir='ltr'>posse:</span> <span class='ocrx_word' id='word_1_118' title='bbox 436 1905 571 1970; x_wconf 89' lang='lat' dir='ltr'>Plautus</span> <span class='ocrx_word' id='word_1_119' title='bbox 589 1904 800 1989; x_wconf 86' lang='lat' dir='ltr'>Amfitryone:</span> <span class='ocrx_word' id='word_1_120' title='bbox 821 1942 860 1952; x_wconf 84' lang='lat'>-—</span> <span class='ocrx_word' id='word_1_121' title='bbox 880 1907 1021 1986; x_wconf 76' lang='lat' dir='ltr'>‘cavesis</span> <span class='ocrx_word' id='word_1_122' title='bbox 1044 1925 1085 1971; x_wconf 88' lang='lat' dir='ltr'>ne</span> <span class='ocrx_word' id='word_1_123' title='bbox 1107 1912 1144 1971; x_wconf 93' lang='lat' dir='ltr'>tu</span> <span class='ocrx_word' id='word_1_124' title='bbox 1163 1913 1196 1970; x_wconf 92' lang='lat' dir='ltr'>te</span> <span class='ocrx_word' id='word_1_125' title='bbox 1214 1924 1275 1971; x_wconf 89' lang='lat' dir='ltr'>usu</span> <span class='ocrx_word' id='word_1_126' title='bbox 1290 1904 1441 1986; x_wconf 80' lang='lat' dir='ltr'>perduis’.</span> <span class='ocrx_word' id='word_1_127' title='bbox 1463 1909 1527 1968; x_wconf 82' lang='lat'>307.</span> 
     </span>
     <span class='ocr_line' id='line_1_16' title="bbox 310 1999 1527 2090; baseline 0.002 -21"><span class='ocrx_word' id='word_1_128' title='bbox 310 1999 467 2071; x_wconf 72' lang='lat' dir='ltr'>Viritim</span> <span class='ocrx_word' id='word_1_129' title='bbox 491 2008 612 2074; x_wconf 90' lang='lat' dir='ltr'>dictum</span> <span class='ocrx_word' id='word_1_130' title='bbox 635 2014 685 2073; x_wconf 91' lang='lat' dir='ltr'>est</span> <span class='ocrx_word' id='word_1_131' title='bbox 708 2009 882 2088; x_wconf 89' lang='lat' dir='ltr'>separatim</span> <span class='ocrx_word' id='word_1_132' title='bbox 905 2013 938 2072; x_wconf 90' lang='lat' dir='ltr'>et</span> <span class='ocrx_word' id='word_1_133' title='bbox 961 2008 1185 2090; x_wconf 88' lang='lat' dir='ltr'>persingulas</span> <span class='ocrx_word' id='word_1_134' title='bbox 1207 2008 1303 2073; x_wconf 88' lang='lat' dir='ltr'>viros.</span> <span class='ocrx_word' id='word_1_135' title='bbox 1349 2009 1391 2072; x_wconf 92' lang='lat' dir='ltr'>M.</span> <span class='ocrx_word' id='word_1_136' title='bbox 1411 2007 1527 2072; x_wconf 87' lang='lat' dir='ltr'>Tullius</span> 
     </span>
     <span class='ocr_line' id='line_1_17' title="bbox 312 2101 1525 2194; baseline 0 -21"><span class='ocrx_word' id='word_1_137' title='bbox 312 2110 351 2174; x_wconf 90' lang='lat' dir='ltr'>de</span> <span class='ocrx_word' id='word_1_138' title='bbox 368 2127 436 2190; x_wconf 92' lang='lat' dir='ltr'>rep.</span> <span class='ocrx_word' id='word_1_139' title='bbox 450 2109 499 2192; x_wconf 78' lang='lat'>(2,</span> <span class='ocrx_word' id='word_1_140' title='bbox 517 2109 580 2194; x_wconf 71' lang='lat' dir='ltr'>rel:</span> <span class='ocrx_word' id='word_1_141' title='bbox 598 2109 741 2193; x_wconf 84' lang='lat' dir='ltr'>‘(Numa)</span> <span class='ocrx_word' id='word_1_142' title='bbox 755 2110 879 2192; x_wconf 91' lang='lat' dir='ltr'>primus</span> <span class='ocrx_word' id='word_1_143' title='bbox 899 2101 1004 2192; x_wconf 71' lang='lat' dir='ltr'>agros</span> <span class='ocrx_word' id='word_1_144' title='bbox 1019 2128 1099 2191; x_wconf 89' lang='lat' dir='ltr'>quos</span> <span class='ocrx_word' id='word_1_145' title='bbox 1118 2110 1202 2174; x_wconf 93' lang='lat' dir='ltr'>bello</span> <span class='ocrx_word' id='word_1_146' title='bbox 1221 2109 1377 2176; x_wconf 88' lang='lat' dir='ltr'>Romulus</span> <span class='ocrx_word' id='word_1_147' title='bbox 1393 2114 1525 2190; x_wconf 83' lang='lat' dir='ltr'>ceperat,</span> 
     </span>
     <span class='ocr_line' id='line_1_18' title="bbox 311 2211 1525 2294; baseline 0.001 -21"><span class='ocrx_word' id='word_1_148' title='bbox 311 2211 421 2276; x_wconf 89' lang='lat' dir='ltr'>divisit</span> <span class='ocrx_word' id='word_1_149' title='bbox 446 2211 568 2276; x_wconf 83' lang='lat' dir='ltr'>viritim</span> <span class='ocrx_word' id='word_1_150' title='bbox 597 2211 739 2277; x_wconf 87' lang='lat' dir='ltr'>civibus&#39;.</span> <span class='ocrx_word' id='word_1_151' title='bbox 766 2249 809 2258; x_wconf 88' lang='lat'><em>-</em></span> <span class='ocrx_word' id='word_1_152' title='bbox 835 2211 938 2277; x_wconf 84' lang='lat' dir='ltr'>Varro</span> <span class='ocrx_word' id='word_1_153' title='bbox 966 2211 1006 2276; x_wconf 87' lang='lat' dir='ltr'>ds</span> <span class='ocrx_word' id='word_1_154' title='bbox 1032 2212 1101 2276; x_wconf 89' lang='lat' dir='ltr'>vita</span> <span class='ocrx_word' id='word_1_155' title='bbox 1124 2230 1153 2291; x_wconf 93' lang='lat' dir='ltr'>p.</span> <span class='ocrx_word' id='word_1_156' title='bbox 1179 2211 1216 2274; x_wconf 89' lang='lat' dir='ltr'>R.</span> <span class='ocrx_word' id='word_1_157' title='bbox 1239 2211 1293 2294; x_wconf 85' lang='lat' dir='ltr'>lib.</span> <span class='ocrx_word' id='word_1_158' title='bbox 1316 2211 1347 2274; x_wconf 93' lang='lat' dir='ltr'>l:</span> <span class='ocrx_word' id='word_1_159' title='bbox 1376 2212 1419 2275; x_wconf 87' lang='lat' dir='ltr'>‘et</span> <span class='ocrx_word' id='word_1_160' title='bbox 1442 2216 1525 2275; x_wconf 84' lang='lat' dir='ltr'>extre</span> 
     </span>
     <span class='ocr_line' id='line_1_19' title="bbox 310 2311 1467 2395; baseline 0 -19"><span class='ocrx_word' id='word_1_161' title='bbox 310 2312 421 2377; x_wconf 89' lang='lat' dir='ltr'>urbem</span> <span class='ocrx_word' id='word_1_162' title='bbox 443 2313 476 2376; x_wconf 94' lang='lat' dir='ltr'>in</span> <span class='ocrx_word' id='word_1_163' title='bbox 498 2315 645 2395; x_wconf 79' lang='lat' dir='ltr'>regiones</span> <span class='ocrx_word' id='word_1_164' title='bbox 668 2314 776 2378; x_wconf 87' lang='lat' dir='ltr'>XXVI</span> <span class='ocrx_word' id='word_1_165' title='bbox 798 2331 893 2395; x_wconf 87' lang='lat' dir='ltr'>agros</span> <span class='ocrx_word' id='word_1_166' title='bbox 916 2313 1037 2378; x_wconf 88' lang='lat' dir='ltr'>viritim</span> <span class='ocrx_word' id='word_1_167' title='bbox 1059 2312 1169 2376; x_wconf 89' lang='lat' dir='ltr'>liberis</span> <span class='ocrx_word' id='word_1_168' title='bbox 1193 2311 1372 2377; x_wconf 87' lang='lat' dir='ltr'>adtribuit&#39;.</span> <span class='ocrx_word' id='word_1_169' title='bbox 1417 2316 1467 2376; x_wconf 84' lang='lat'>30.</span> 
     </span>
    </p>
   </div>
   <div class='ocr_carea' id='block_1_3' title="bbox 244 2531 1524 2770">
    <p class='ocr_par' dir='ltr' id='par_1_4' title="bbox 244 2531 1524 2770">
     <span class='ocr_line' id='line_1_20' title="bbox 724 2531 1111 2598; baseline -0.01 0"><span class='ocrx_word' id='word_1_170' title='bbox 724 2534 763 2597; x_wconf 84' lang='lat' dir='ltr'>V.</span> <span class='ocrx_word' id='word_1_171' title='bbox 809 2531 1111 2598; x_wconf 82' lang='lat' dir='ltr'>SOHOLIASTAE.</span> 
     </span>
     <span class='ocr_line' id='line_1_21' title="bbox 244 2669 1524 2770; baseline 0.002 -9"><span class='ocrx_word' id='word_1_172' title='bbox 244 2747 246 2753; x_wconf 92' lang='lat'>.</span> <span class='ocrx_word' id='word_1_173' title='bbox 310 2700 337 2764; x_wconf 89' lang='lat'>1.</span> <span class='ocrx_word' id='word_1_174' title='bbox 374 2701 562 2770; x_wconf 81' lang='lat' dir='ltr'>Asconius</span> <span class='ocrx_word' id='word_1_175' title='bbox 586 2708 622 2766; x_wconf 88' lang='lat' dir='ltr'>at</span> <span class='ocrx_word' id='word_1_176' title='bbox 645 2682 1009 2766; x_wconf 79' lang='lat' dir='ltr'>Pseudo-Asconius</span> <span class='ocrx_word' id='word_1_177' title='bbox 1031 2703 1067 2766; x_wconf 93' lang='lat' dir='ltr'>in</span> <span class='ocrx_word' id='word_1_178' title='bbox 1085 2699 1283 2766; x_wconf 84' lang='lat' dir='ltr'>Ciceronis</span> <span class='ocrx_word' id='word_1_179' title='bbox 1306 2669 1524 2766; x_wconf 81' lang='lat' dir='ltr'>or·ationes.³</span> 
     </span>
    </p>
   </div>
   <div class='ocr_carea' id='block_1_4' title="bbox 724 2865 1183 2932">
    <p class='ocr_par' dir='ltr' id='par_1_5' title="bbox 724 2865 1183 2932">
     <span class='ocr_line' id='line_1_22' title="bbox 724 2865 1183 2932; baseline -0.004 0"><span class='ocrx_word' id='word_1_180' title='bbox 724 2878 764 2932; x_wconf 87' lang='lat' dir='ltr'>A.</span> <span class='ocrx_word' id='word_1_181' title='bbox 810 2878 854 2932; x_wconf 90' lang='lat' dir='ltr'>In</span> <span class='ocrx_word' id='word_1_182' title='bbox 875 2875 1111 2931; x_wconf 79' lang='lat' dir='ltr'>Pisonianam.</span> <span class='ocrx_word' id='word_1_183' title='bbox 1181 2865 1183 2870; x_wconf 64' lang='grc'>’</span> 
     </span>
    </p>
   </div>
   <div class='ocr_carea' id='block_1_5' title="bbox 306 3003 1524 3700">
    <p class='ocr_par' dir='ltr' id='par_1_6' title="bbox 306 3003 1524 3497">
     <span class='ocr_line' id='line_1_23' title="bbox 393 3003 1524 3090; baseline -0.002 -20"><span class='ocrx_word' id='word_1_184' title='bbox 393 3003 448 3070; x_wconf 87' lang='lat' dir='ltr'>Cn.</span> <span class='ocrx_word' id='word_1_185' title='bbox 475 3007 644 3088; x_wconf 90' lang='lat' dir='ltr'>Pompeius</span> <span class='ocrx_word' id='word_1_186' title='bbox 673 3007 792 3074; x_wconf 82' lang='lat' dir='ltr'>Strabo</span> <span class='ocrx_word' id='word_1_187' title='bbox 814 3008 878 3090; x_wconf 79' lang='lat' dir='ltr'>(coe.</span> <span class='ocrx_word' id='word_1_188' title='bbox 897 3033 922 3068; x_wconf 86' lang='lat' dir='ltr'>a.</span> <span class='ocrx_word' id='word_1_189' title='bbox 941 3010 1016 3089; x_wconf 80' lang='lat' dir='ltr'>ccc),</span> <span class='ocrx_word' id='word_1_190' title='bbox 1043 3014 1139 3090; x_wconf 90' lang='lat' dir='ltr'>pater</span> <span class='ocrx_word' id='word_1_191' title='bbox 1162 3006 1218 3070; x_wconf 86' lang='lat' dir='ltr'>Cn.</span> <span class='ocrx_word' id='word_1_192' title='bbox 1242 3005 1387 3086; x_wconf 88' lang='lat' dir='ltr'>Pompeii</span> <span class='ocrx_word' id='word_1_193' title='bbox 1410 3005 1524 3088; x_wconf 83' lang='lat' dir='ltr'>Magni,</span> 
     </span>
     <span class='ocr_line' id='line_1_24' title="bbox 308 3103 1524 3189; baseline 0 -19"><span class='ocrx_word' id='word_1_194' title='bbox 308 3103 557 3189; x_wconf 82' lang='lat' dir='ltr'>Transpadanos</span> <span class='ocrx_word' id='word_1_195' title='bbox 580 3111 719 3176; x_wconf 86' lang='lat' dir='ltr'>colonias</span> <span class='ocrx_word' id='word_1_196' title='bbox 742 3147 783 3156; x_wconf 93' lang='lat'>--</span> <span class='ocrx_word' id='word_1_197' title='bbox 806 3130 868 3178; x_wconf 91' lang='lat' dir='ltr'>non</span> <span class='ocrx_word' id='word_1_198' title='bbox 891 3113 981 3176; x_wconf 91' lang='lat' dir='ltr'>novis</span> <span class='ocrx_word' id='word_1_199' title='bbox 1005 3107 1339 3187; x_wconf 65' lang='lat' dir='ltr'>colonisrconstituit,</span> <span class='ocrx_word' id='word_1_200' title='bbox 1363 3109 1421 3174; x_wconf 92' lang='lat' dir='ltr'>sed</span> <span class='ocrx_word' id='word_1_201' title='bbox 1443 3113 1524 3172; x_wconf 89' lang='lat' dir='ltr'>vete-</span> 
     </span>
     <span class='ocr_line' id='line_1_25' title="bbox 307 3210 1523 3292; baseline -0.002 -19"><span class='ocrx_word' id='word_1_202' title='bbox 307 3210 395 3275; x_wconf 87' lang='lat' dir='ltr'>ribus</span> <span class='ocrx_word' id='word_1_203' title='bbox 422 3213 535 3278; x_wconf 90' lang='lat' dir='ltr'>incolis</span> <span class='ocrx_word' id='word_1_204' title='bbox 561 3214 766 3278; x_wconf 90' lang='lat' dir='ltr'>manentibus</span> <span class='ocrx_word' id='word_1_205' title='bbox 796 3215 846 3278; x_wconf 90' lang='lat' dir='ltr'>ius</span> <span class='ocrx_word' id='word_1_206' title='bbox 870 3213 959 3278; x_wconf 87' lang='lat' dir='ltr'>dedit</span> <span class='ocrx_word' id='word_1_207' title='bbox 981 3212 1082 3292; x_wconf 90' lang='lat' dir='ltr'>Latii,</span> <span class='ocrx_word' id='word_1_208' title='bbox 1113 3217 1148 3278; x_wconf 91' lang='lat' dir='ltr'>ut</span> <span class='ocrx_word' id='word_1_209' title='bbox 1170 3215 1302 3292; x_wconf 91' lang='lat' dir='ltr'>possent</span> <span class='ocrx_word' id='word_1_210' title='bbox 1324 3210 1446 3275; x_wconf 89' lang='lat' dir='ltr'>habere</span> <span class='ocrx_word' id='word_1_211' title='bbox 1467 3210 1523 3284; x_wconf 88' lang='lat' dir='ltr'>ius,</span> 
     </span>
     <span class='ocr_line' id='line_1_26' title="bbox 308 3311 1524 3395; baseline -0.002 -21"><span class='ocrx_word' id='word_1_212' title='bbox 308 3313 393 3392; x_wconf 92' lang='lat' dir='ltr'>quod</span> <span class='ocrx_word' id='word_1_213' title='bbox 416 3319 542 3379; x_wconf 90' lang='lat' dir='ltr'>ceterae</span> <span class='ocrx_word' id='word_1_214' title='bbox 564 3316 704 3380; x_wconf 89' lang='lat' dir='ltr'>Latinae</span> <span class='ocrx_word' id='word_1_215' title='bbox 726 3315 879 3394; x_wconf 89' lang='lat' dir='ltr'>coloniae,</span> <span class='ocrx_word' id='word_1_216' title='bbox 902 3315 922 3379; x_wconf 92' lang='lat' dir='ltr'>i.</span> <span class='ocrx_word' id='word_1_217' title='bbox 946 3333 973 3379; x_wconf 91' lang='lat' dir='ltr'>e.</span> <span class='ocrx_word' id='word_1_218' title='bbox 997 3319 1032 3378; x_wconf 93' lang='lat' dir='ltr'>ut</span> <span class='ocrx_word' id='word_1_219' title='bbox 1056 3314 1195 3395; x_wconf 90' lang='lat' dir='ltr'>gerendo</span> <span class='ocrx_word' id='word_1_220' title='bbox 1217 3313 1432 3394; x_wconf 83' lang='lat' dir='ltr'>magistratus</span> <span class='ocrx_word' id='word_1_221' title='bbox 1452 3311 1524 3376; x_wconf 85' lang='lat' dir='ltr'>civi·</span> 
     </span>
     <span class='ocr_line' id='line_1_27' title="bbox 306 3417 1004 3497; baseline -0.003 -21"><span class='ocrx_word' id='word_1_222' title='bbox 306 3418 408 3478; x_wconf 89' lang='lat' dir='ltr'>tatem</span> <span class='ocrx_word' id='word_1_223' title='bbox 431 3417 608 3481; x_wconf 88' lang='lat' dir='ltr'>Romanam</span> <span class='ocrx_word' id='word_1_224' title='bbox 631 3417 893 3497; x_wconf 86' lang='lat' dir='ltr'>adipiscerentur.</span> <span class='ocrx_word' id='word_1_225' title='bbox 914 3417 949 3492; x_wconf 88' lang='lat'>(3.</span> <span class='ocrx_word' id='word_1_226' title='bbox 967 3419 1004 3494; x_wconf 86' lang='lat'>3.)</span> 
     </span>
    </p>

    <p class='ocr_par' dir='ltr' id='par_1_7' title="bbox 306 3515 1522 3700">
     <span class='ocr_line' id='line_1_28' title="bbox 391 3515 1522 3602; baseline -0.002 -24"><span class='ocrx_word' id='word_1_227' title='bbox 391 3515 459 3597; x_wconf 60' lang='lat'>58.</span> <span class='ocrx_word' id='word_1_228' title='bbox 495 3517 529 3582; x_wconf 89' lang='lat' dir='ltr'>L.</span> <span class='ocrx_word' id='word_1_229' title='bbox 557 3518 652 3595; x_wconf 93' lang='lat' dir='ltr'>Iulio,</span> <span class='ocrx_word' id='word_1_230' title='bbox 682 3517 715 3582; x_wconf 81' lang='lat' dir='ltr'>O.</span> <span class='ocrx_word' id='word_1_231' title='bbox 741 3519 863 3583; x_wconf 88' lang='lat' dir='ltr'>Marcio</span> <span class='ocrx_word' id='word_1_232' title='bbox 895 3537 956 3582; x_wconf 91' lang='lat' dir='ltr'>cos.</span> <span class='ocrx_word' id='word_1_233' title='bbox 987 3517 1121 3602; x_wconf 76' lang='lat' dir='ltr'>(acco),</span> <span class='ocrx_word' id='word_1_234' title='bbox 1150 3536 1229 3599; x_wconf 90' lang='lat' dir='ltr'>quos</span> <span class='ocrx_word' id='word_1_235' title='bbox 1259 3522 1292 3580; x_wconf 92' lang='lat' dir='ltr'>et</span> <span class='ocrx_word' id='word_1_236' title='bbox 1318 3517 1389 3598; x_wconf 89' lang='lat' dir='ltr'>ipse</span> <span class='ocrx_word' id='word_1_237' title='bbox 1417 3515 1522 3580; x_wconf 85' lang='lat' dir='ltr'>Cicero</span> 
     </span>
     <span class='ocr_line' id='line_1_29' title="bbox 306 3617 1521 3700; baseline -0.001 -21"><span class='ocrx_word' id='word_1_238' title='bbox 306 3635 404 3697; x_wconf 90' lang='lat' dir='ltr'>supra</span> <span class='ocrx_word' id='word_1_239' title='bbox 426 3619 625 3698; x_wconf 85' lang='lat' dir='ltr'>memoravit,</span> <span class='ocrx_word' id='word_1_240' title='bbox 646 3618 728 3684; x_wconf 79' lang='lat' dir='ltr'>suto</span> <span class='ocrx_word' id='word_1_241' title='bbox 751 3619 886 3700; x_wconf 85' lang='lat' dir='ltr'>collegia</span> <span class='ocrx_word' id='word_1_242' title='bbox 909 3621 1041 3685; x_wconf 87' lang='lat' dir='ltr'>sublata</span> <span class='ocrx_word' id='word_1_243' title='bbox 1063 3625 1147 3699; x_wconf 92' lang='lat' dir='ltr'>sunt,</span> <span class='ocrx_word' id='word_1_244' title='bbox 1173 3637 1257 3700; x_wconf 85' lang='lat' dir='ltr'>quae</span> <span class='ocrx_word' id='word_1_245' title='bbox 1280 3617 1435 3682; x_wconf 88' lang='lat' dir='ltr'>adversus</span> <span class='ocrx_word' id='word_1_246' title='bbox 1456 3632 1521 3692; x_wconf 88' lang='lat' dir='ltr'>rern</span> 
     </span>
    </p>
   </div>
   <div class='ocr_carea' id='block_1_6' title="bbox 344 3741 508 3750">
    <p class='ocr_par' dir='ltr' id='par_1_8' title="bbox 344 3741 508 3750">
     <span class='ocr_line' id='line_1_30' title="bbox 344 3741 508 3750; baseline 0.006 -1"><span class='ocrx_word' id='word_1_247' title='bbox 344 3741 508 3750; x_wconf 74' lang='lat'><strong><em>--.—--—---</em></strong></span> 
     </span>
    </p>
   </div>
   <div class='ocr_carea' id='block_1_7' title="bbox 301 3783 1524 4532">
    <p class='ocr_par' dir='ltr' id='par_1_9' title="bbox 301 3783 1524 4532">
     <span class='ocr_line' id='line_1_31' title="bbox 373 3783 1523 3854; baseline -0.008 -16"><span class='ocrx_word' id='word_1_248' title='bbox 373 3785 399 3848; x_wconf 85' lang='lat'>1)</span> <span class='ocrx_word' id='word_1_249' title='bbox 418 3785 562 3854; x_wconf 84' lang='lat' dir='ltr'>‘optinere&#39;.</span> <span class='ocrx_word' id='word_1_250' title='bbox 580 3815 614 3823; x_wconf 93' lang='lat'><em>-</em></span> <span class='ocrx_word' id='word_1_251' title='bbox 632 3786 657 3850; x_wconf 76' lang='lat'>2)</span> <span class='ocrx_word' id='word_1_252' title='bbox 676 3787 784 3853; x_wconf 88' lang='lat' dir='ltr'>‘possit&#39;.</span> <span class='ocrx_word' id='word_1_253' title='bbox 802 3815 835 3824; x_wconf 94' lang='lat'>-</span> <span class='ocrx_word' id='word_1_254' title='bbox 854 3787 880 3851; x_wconf 89' lang='lat'>3)</span> <span class='ocrx_word' id='word_1_255' title='bbox 899 3789 930 3852; x_wconf 73' lang='lat' dir='ltr'>Q.</span> <span class='ocrx_word' id='word_1_256' title='bbox 949 3786 1076 3840; x_wconf 83' lang='lat' dir='ltr'>Asconius</span> <span class='ocrx_word' id='word_1_257' title='bbox 1087 3785 1219 3839; x_wconf 88' lang='lat' dir='ltr'>Pedianus</span> <span class='ocrx_word' id='word_1_258' title='bbox 1238 3783 1523 3854; x_wconf 84' lang='lat' dir='ltr'>grammaticus,natus</span> 
     </span>
     <span class='ocr_line' id='line_1_32' title="bbox 304 3864 1522 3938; baseline 0.003 -18"><span class='ocrx_word' id='word_1_259' title='bbox 304 3867 371 3921; x_wconf 88' lang='lat' dir='ltr'>eirca</span> <span class='ocrx_word' id='word_1_260' title='bbox 389 3868 452 3923; x_wconf 83' lang='lat' dir='ltr'>Chr.</span> <span class='ocrx_word' id='word_1_261' title='bbox 473 3885 507 3935; x_wconf 78' lang='lat' dir='ltr'>n,</span> <span class='ocrx_word' id='word_1_262' title='bbox 526 3871 731 3923; x_wconf 88' lang='lat' dir='ltr'>commentarios</span> <span class='ocrx_word' id='word_1_263' title='bbox 755 3870 879 3924; x_wconf 88' lang='lat' dir='ltr'>doctrina</span> <span class='ocrx_word' id='word_1_264' title='bbox 900 3871 1019 3938; x_wconf 88' lang='lat' dir='ltr'>insignes</span> <span class='ocrx_word' id='word_1_265' title='bbox 1044 3871 1072 3922; x_wconf 94' lang='lat' dir='ltr'>in</span> <span class='ocrx_word' id='word_1_266' title='bbox 1096 3871 1233 3924; x_wconf 83' lang='lat' dir='ltr'>Ciceronis</span> <span class='ocrx_word' id='word_1_267' title='bbox 1256 3869 1388 3922; x_wconf 89' lang='lat' dir='ltr'>orationes</span> <span class='ocrx_word' id='word_1_268' title='bbox 1412 3864 1522 3934; x_wconf 76' lang='lat' dir='ltr'>scripsit</span> 
     </span>
     <span class='ocr_line' id='line_1_33' title="bbox 304 3951 1523 4024; baseline -0.003 -20"><span class='ocrx_word' id='word_1_269' title='bbox 304 3953 349 4020; x_wconf 87' lang='lat' dir='ltr'>qui</span> <span class='ocrx_word' id='word_1_270' title='bbox 367 3953 465 4006; x_wconf 81' lang='lat' dir='ltr'>servati</span> <span class='ocrx_word' id='word_1_271' title='bbox 487 3954 563 4008; x_wconf 90' lang='lat' dir='ltr'>nobis</span> <span class='ocrx_word' id='word_1_272' title='bbox 581 3958 644 4008; x_wconf 89' lang='lat' dir='ltr'>sunt</span> <span class='ocrx_word' id='word_1_273' title='bbox 662 3971 714 4008; x_wconf 89' lang='lat' dir='ltr'>uno</span> <span class='ocrx_word' id='word_1_274' title='bbox 733 3954 819 4010; x_wconf 88' lang='lat' dir='ltr'>codice</span> <span class='ocrx_word' id='word_1_275' title='bbox 838 3956 1021 4024; x_wconf 75' lang='lat' dir='ltr'>sangallensi,</span> <span class='ocrx_word' id='word_1_276' title='bbox 1044 3955 1090 4022; x_wconf 92' lang='lat' dir='ltr'>qui</span> <span class='ocrx_word' id='word_1_277' title='bbox 1107 3970 1177 4008; x_wconf 87' lang='lat' dir='ltr'>saec.</span> <span class='ocrx_word' id='word_1_278' title='bbox 1194 3953 1245 4006; x_wconf 91' lang='lat' dir='ltr'>XV</span> <span class='ocrx_word' id='word_1_279' title='bbox 1263 3953 1412 4020; x_wconf 89' lang='lat' dir='ltr'>descriptus</span> <span class='ocrx_word' id='word_1_280' title='bbox 1430 3951 1523 4020; x_wconf 84' lang='lat' dir='ltr'>postea</span> 
     </span>
     <span class='ocr_line' id='line_1_34' title="bbox 304 4036 1523 4104; baseline -0.003 -16"><span class='ocrx_word' id='word_1_281' title='bbox 304 4036 424 4104; x_wconf 86' lang='lat' dir='ltr'>deperiit.</span> <span class='ocrx_word' id='word_1_282' title='bbox 460 4037 509 4092; x_wconf 83' lang='lat' dir='ltr'>Cui</span> <span class='ocrx_word' id='word_1_283' title='bbox 528 4039 610 4092; x_wconf 88' lang='lat' dir='ltr'>codici</span> <span class='ocrx_word' id='word_1_284' title='bbox 628 4041 710 4094; x_wconf 87' lang='lat' dir='ltr'>etiam</span> <span class='ocrx_word' id='word_1_285' title='bbox 728 4041 797 4094; x_wconf 86' lang='lat' dir='ltr'>alins</span> <span class='ocrx_word' id='word_1_286' title='bbox 815 4041 950 4094; x_wconf 87' lang='lat' dir='ltr'>cuiusdam</span> <span class='ocrx_word' id='word_1_287' title='bbox 968 4040 1063 4094; x_wconf 87' lang='lat' dir='ltr'>incerti</span> <span class='ocrx_word' id='word_1_288' title='bbox 1081 4039 1197 4093; x_wconf 88' lang='lat' dir='ltr'>auctoris</span> <span class='ocrx_word' id='word_1_289' title='bbox 1214 4037 1379 4092; x_wconf 85' lang='lat' dir='ltr'>inVerrinas</span> <span class='ocrx_word' id='word_1_290' title='bbox 1392 4049 1523 4091; x_wconf 88' lang='lat' dir='ltr'>commen·</span> 
     </span>
     <span class='ocr_line' id='line_1_35' title="bbox 303 4117 1524 4194; baseline -0.006 -18"><span class='ocrx_word' id='word_1_291' title='bbox 303 4123 367 4176; x_wconf 83' lang='lat' dir='ltr'>terii</span> <span class='ocrx_word' id='word_1_292' title='bbox 385 4123 526 4190; x_wconf 82' lang='lat' dir='ltr'>(inferioris</span> <span class='ocrx_word' id='word_1_293' title='bbox 549 4125 648 4178; x_wconf 82' lang='lat' dir='ltr'>aetatis</span> <span class='ocrx_word' id='word_1_294' title='bbox 666 4127 693 4178; x_wconf 91' lang='lat' dir='ltr'>et</span> <span class='ocrx_word' id='word_1_295' title='bbox 711 4126 789 4194; x_wconf 88' lang='lat' dir='ltr'>longe</span> <span class='ocrx_word' id='word_1_296' title='bbox 807 4125 916 4179; x_wconf 90' lang='lat' dir='ltr'>minoris</span> <span class='ocrx_word' id='word_1_297' title='bbox 934 4125 1071 4191; x_wconf 84' lang='lat' dir='ltr'>momenti)</span> <span class='ocrx_word' id='word_1_298' title='bbox 1091 4125 1168 4178; x_wconf 84' lang='lat' dir='ltr'>erant</span> <span class='ocrx_word' id='word_1_299' title='bbox 1185 4121 1321 4184; x_wconf 87' lang='lat' dir='ltr'>adiuncti,</span> <span class='ocrx_word' id='word_1_300' title='bbox 1349 4122 1395 4190; x_wconf 90' lang='lat' dir='ltr'>qui</span> <span class='ocrx_word' id='word_1_301' title='bbox 1412 4117 1524 4174; x_wconf 80' lang='lat' dir='ltr'>Asconio</span> 
     </span>
     <span class='ocr_line' id='line_1_36' title="bbox 301 4199 1524 4272; baseline -0.004 -13"><span class='ocrx_word' id='word_1_302' title='bbox 301 4207 355 4272; x_wconf 90' lang='lat' dir='ltr'>ipsi</span> <span class='ocrx_word' id='word_1_303' title='bbox 377 4209 423 4262; x_wconf 89' lang='lat' dir='ltr'>diu</span> <span class='ocrx_word' id='word_1_304' title='bbox 445 4210 577 4265; x_wconf 85' lang='lat' dir='ltr'>adtributi</span> <span class='ocrx_word' id='word_1_305' title='bbox 600 4209 677 4263; x_wconf 90' lang='lat' dir='ltr'>hodie</span> <span class='ocrx_word' id='word_1_306' title='bbox 700 4211 805 4264; x_wconf 90' lang='lat' dir='ltr'>nomine</span> <span class='ocrx_word' id='word_1_307' title='bbox 823 4210 999 4264; x_wconf 82' lang='lat' dir='ltr'>Pseudo-Asc.</span> <span class='ocrx_word' id='word_1_308' title='bbox 1024 4213 1167 4264; x_wconf 77' lang='lat' dir='ltr'>notantur·</span> <span class='ocrx_word' id='word_1_309' title='bbox 1188 4199 1304 4261; x_wconf 58' lang='lat' dir='ltr'>&#39;Asconii</span> <span class='ocrx_word' id='word_1_310' title='bbox 1321 4203 1524 4260; x_wconf 87' lang='lat' dir='ltr'>commentarios</span> 
     </span>
     <span class='ocr_line' id='line_1_37' title="bbox 302 4291 1522 4365; baseline -0.006 -20"><span class='ocrx_word' id='word_1_311' title='bbox 302 4293 442 4346; x_wconf 87' lang='lat' dir='ltr'>novissime</span> <span class='ocrx_word' id='word_1_312' title='bbox 460 4295 599 4350; x_wconf 89' lang='lat' dir='ltr'>ediderunt</span> <span class='ocrx_word' id='word_1_313' title='bbox 614 4295 750 4365; x_wconf 74' lang='lat' dir='ltr'>Kiesalircp</span> <span class='ocrx_word' id='word_1_314' title='bbox 769 4298 797 4348; x_wconf 92' lang='lat' dir='ltr'>et</span> <span class='ocrx_word' id='word_1_315' title='bbox 819 4293 1160 4357; x_wconf 78' lang='lat' dir='ltr'>Schocll18l5,risconium</span> <span class='ocrx_word' id='word_1_316' title='bbox 1179 4295 1207 4345; x_wconf 89' lang='lat' dir='ltr'>et</span> <span class='ocrx_word' id='word_1_317' title='bbox 1230 4291 1348 4344; x_wconf 86' lang='lat' dir='ltr'>Ps.·Asc.</span> <span class='ocrx_word' id='word_1_318' title='bbox 1371 4291 1522 4344; x_wconf 90' lang='lat' dir='ltr'>coniunctos</span> 
     </span>
     <span class='ocr_line' id='line_1_38' title="bbox 302 4373 1522 4447; baseline -0.005 -19"><span class='ocrx_word' id='word_1_319' title='bbox 302 4376 386 4430; x_wconf 85' lang='lat' dir='ltr'>edidit</span> <span class='ocrx_word' id='word_1_320' title='bbox 403 4378 500 4431; x_wconf 83' lang='lat' dir='ltr'>Baiter</span> <span class='ocrx_word' id='word_1_321' title='bbox 521 4381 549 4432; x_wconf 92' lang='lat' dir='ltr'>in</span> <span class='ocrx_word' id='word_1_322' title='bbox 569 4381 623 4434; x_wconf 64' lang='grc' dir='ltr'>θέο.</span> <span class='ocrx_word' id='word_1_323' title='bbox 645 4380 685 4433; x_wconf 86' lang='lat' dir='ltr'>cd.</span> <span class='ocrx_word' id='word_1_324' title='bbox 711 4380 791 4434; x_wconf 78' lang='lat' dir='ltr'>Oceli.</span> <span class='ocrx_word' id='word_1_325' title='bbox 830 4380 858 4432; x_wconf 88' lang='grc' dir='ltr'>Τ.</span> <span class='ocrx_word' id='word_1_326' title='bbox 883 4379 912 4432; x_wconf 91' lang='lat' dir='ltr'>V.</span> <span class='ocrx_word' id='word_1_327' title='bbox 930 4396 960 4447; x_wconf 78' lang='lat' dir='ltr'>p.</span> <span class='ocrx_word' id='word_1_328' title='bbox 978 4379 1019 4443; x_wconf 91' lang='lat' dir='ltr'>II,</span> <span class='ocrx_word' id='word_1_329' title='bbox 1044 4381 1121 4432; x_wconf 83' lang='grc'><em>1835.</em></span> <span class='ocrx_word' id='word_1_330' title='bbox 1160 4375 1241 4430; x_wconf 83' lang='lat' dir='ltr'>Cuius</span> <span class='ocrx_word' id='word_1_331' title='bbox 1263 4375 1388 4429; x_wconf 87' lang='lat' dir='ltr'>editionis</span> <span class='ocrx_word' id='word_1_332' title='bbox 1410 4373 1522 4441; x_wconf 85' lang='lat' dir='ltr'>paginas</span> 
     </span>
     <span class='ocr_line' id='line_1_39' title="bbox 302 4452 1249 4532; baseline 0.002 -21"><span class='ocrx_word' id='word_1_333' title='bbox 302 4460 415 4526; x_wconf 86' lang='lat' dir='ltr'>singulis</span> <span class='ocrx_word' id='word_1_334' title='bbox 434 4463 498 4514; x_wconf 88' lang='lat' dir='ltr'>locis</span> <span class='ocrx_word' id='word_1_335' title='bbox 515 4466 643 4532; x_wconf 85' lang='lat' dir='ltr'>excerptis</span> <span class='ocrx_word' id='word_1_336' title='bbox 656 4452 754 4526; x_wconf 80' lang='lat' dir='ltr'>adieci,</span> <span class='ocrx_word' id='word_1_337' title='bbox 773 4479 855 4516; x_wconf 87' lang='lat' dir='ltr'>novae</span> <span class='ocrx_word' id='word_1_338' title='bbox 873 4464 997 4517; x_wconf 91' lang='lat' dir='ltr'>editionis</span> <span class='ocrx_word' id='word_1_339' title='bbox 1016 4463 1123 4531; x_wconf 88' lang='lat' dir='ltr'>paginis</span> <span class='ocrx_word' id='word_1_340' title='bbox 1141 4461 1249 4514; x_wconf 83' lang='lat' dir='ltr'>additis.</span> 
     </span>
    </p>
   </div>
   <div class='ocr_carea' id='block_1_8' title="bbox 0 0 1668 5356">
    <p class='ocr_par' dir='ltr' id='par_1_10' title="bbox 0 0 1668 5356">
     <span class='ocr_line' id='line_1_40' title="bbox 0 0 1668 5356; baseline 0 3"><span class='ocrx_word' id='word_1_341' title='bbox 0 0 1668 5356; x_wconf 95' lang='lat' dir='ltr'> </span> 
     </span>
    </p>
   </div>
  </div>
 </body>
</html>
