3328 5356
663 441 811 497 ·Asconius.
1296 446 1359 513 289

127 613 289 696 publicam
311 613 505 679 videbantur
528 629 606 676 esse.
623 612 751 676 -Post
767 631 823 677 sex
842 616 958 680 deinde
978 635 1089 696 annos,
1108 634 1204 697 quam
1224 617 1357 684 sublata

128 720 230 795 erant,
254 715 289 779 P.
313 713 453 792 Clodius,
477 712 551 777 trib.
576 711 628 794 pl,
652 713 724 796 lege
748 714 816 793 lata
840 717 985 782 restituit
1008 717 1168 797 collegia.l
1212 724 1249 799 (7.
1267 720 1306 802 6.)

213 817 230 899 g*
252 815 281 882 9.
316 816 473 894 Diximus,
497 814 532 878 L.
553 815 678 895 Pisone,
698 815 735 880 Α.
761 815 907 882 Gabinio
926 835 986 883 cos.
1012 823 1048 898 (a.
1057 819 1123 900 696)
1138 818 1176 882 P.
1195 818 1353 902 Clodium,

127 923 168 983 tr.
193 919 247 1000 pl,
270 921 429 1000 quattuor
449 916 538 997 leges
562 916 759 997 perniciosas
774 919 894 1000 populo
912 919 1001 984 Rom.
1020 919 1149 984 tulisse:
1168 923 1355 987 -tertiam

128 1022 168 1086 de
185 1019 329 1102 collegiis
344 1017 546 1084 restituendis
565 1018 720 1099 novisque
734 1003 972 1098 instituendis13
983 1057 1024 1066 -
1035 1026 1195 1102 quartam,
1208 1039 1249 1086 ne
1261 1041 1355 1103 quem

129 1139 278 1186 censores
313 1122 346 1185 in
378 1124 493 1184 senatu
524 1119 665 1200 legendo
698 1122 931 1200 praeterirent²
961 1141 1040 1188 neve
1083 1139 1147 1204 quc
1178 1123 1358 1204 ignominia

128 1221 310 1301 allicerent,
332 1222 395 1286 nisi
419 1221 474 1302 qui
498 1220 585 1301 apud
608 1239 662 1286 eos
686 1228 858 1288 accusatus
880 1229 914 1288 et
933 1225 1104 1307 utriusque
1124 1224 1266 1289 censoris
1285 1243 1356 1291 sen·

129 1324 237 1390 tentia
253 1325 426 1389 damnatus
443 1327 541 1403 esset3
564 1322 625 1388 hac
640 1341 717 1404 ergo
736 1325 805 1388 eius
821 1325 893 1407 lege
912 1343 1181 1407 censuram‚quae
1199 1326 1355 1408 magistra

129 1425 262 1506 pudoris
285 1430 317 1488 et
339 1424 517 1489 modestiae
541 1429 601 1502 est,
624 1421 787 1490 sublatam
809 1428 857 1490 ait
882 1426 1026 1507 (Cicero).
1071 1426 1112 1511 (9.
1131 1429 1168 1502 7.)

216 1523 304 1608 §94
337 1525 455 1607 Legem
495 1525 698 1590 iudiciariam
729 1561 771 1572 —-·
802 1529 879 1592 tulit
910 1530 1063 1595 Aurelius
1095 1528 1192 1594 Cotta
1223 1535 1355 1609 praetor

131 1629 170 1710 (a.
189 1629 263 1710 664),
292 1646 357 1709 qua
384 1628 619 1692 communicata
646 1633 721 1692 sunt
748 1629 870 1693 iudicia
898 1631 1026 1696 senatui
1049 1635 1082 1695 et
1105 1631 1269 1712 equitibus
1292 1633 1354 1696 Ro-

129 1729 232 1794 manis
254 1733 288 1793 et
309 1729 450 1794 tribunis
472 1727 616 1793 aerariis.
661 1729 784 1794 Rursus
807 1730 923 1810 deinde
940 1732 1110 1813 Pompeius
1133 1733 1166 1796 in
1184 1734 1355 1799 consulatu

129 1832 270 1896 secundo
295 1839 331 1911 (a.
347 1831 411 1906 699)
436 1829 733 1910 -promulgavit,
758 1835 795 1894 ut
818 1831 1015 1912 amplissimo
1037 1851 1077 1897 ex
1100 1851 1197 1899 ceusu
1221 1853 1260 1898 ex
1282 1853 1354 1900 cen·

128 1933 225 1998 turiis
249 1933 346 1998 aliter
368 1937 466 2012 atque
489 1937 586 1996 antea
609 1930 686 1996 lecti
704 1932 833 2010 iudices
856 1950 957 2014 aeque
980 1939 1089 1998 tamen
1112 1951 1150 1997 ex
1168 1935 1232 2000 illis
1248 1937 1354 2001 tribus

128 2033 306 2112 ordinibus,
329 2051 380 2098 res
402 2033 592 2096 iudicarent.
636 2032 692 2113 (16.
710 2032 766 2114 15.)

547 2224 586 2278 Β.
630 2224 673 2278 In
694 2223 930 2280 saturianum.

217 2339 244 2404 1.
269 2338 325 2402 Gn.
346 2337 512 2400 *Domitius
535 2369 578 2382 -
601 2337 685 2400 diem
709 2337 739 2400 si
760 2336 906 2418 (Scauro)
929 2338 1011 2402 dixit
1034 2339 1122 2419 apud
1144 2340 1298 2420 populum
1321 2347 1354 2406 et

127 2440 266 2504 multam
289 2438 457 2519 irrogavit,
481 2437 566 2519 quod
589 2438 659 2502 eius
681 2455 779 2517 opera
803 2456 895 2504 sacra
917 2439 1021 2504 multa
1044 2457 1116 2520 pop.
1141 2441 1230 2506 Rom.
1254 2444 1353 2509 demi·

127 2546 210 2606 nuta
232 2558 302 2605 esse
326 2540 457 2604 diceret.
502 2537 636 2603 Crimini
659 2539 768 2618 dabat,
788 2557 882 2604 sacra
905 2539 1035 2622 publica
1054 2559 1128 2622 pop.
1148 2543 1236 2608 Rom.
1257 2545 1352 2610 deum

127 2643 314 2720 Penatium,
342 2657 426 2722 quae
447 2641 561 2706 Lavini
582 2639 715 2720 fierent,
744 2659 844 2722 opera
867 2642 936 2706 eius
958 2641 1069 2708 minus
1087 2649 1175 2708 recte
1199 2651 1353 2726 casteque

127 2744 207 2809 fieri.
251 2741 320 2818 Quo
336 2743 468 2808 crimine
483 2743 652 2808 absolutus
671 2747 721 2808 cst
740 2742 882 2808 Scaurus
901 2743 1041 2825 quidem,
1062 2745 1118 2810 sed
1136 2745 1194 2825 ita,
1213 2753 1249 2811 ut
1268 2767 1287 2812 a
1305 2747 1353 2813 ΙΙΙ

127 2845 280 2910 tribubus
298 2845 517 2923 damnaretur,
536 2842 690 2910 aXXXll
698 2844 931 2923 absolveretur,
942 2851 976 2908 et
995 2846 1028 2910 in
1047 2845 1096 2910 his
1115 2864 1217 2927 pauca
1233 2856 1352 2929 puncta

126 2950 213 3013 inter
236 2947 474 3012 damnationem
497 2951 530 3010 et
553 2947 786 3011 absolutionem
809 2947 1012 3014 interessent.
1057 2947 1192 3032 (61.16.)

531 3136 567 3192 0.
610 3138 653 3192 In
676 3135 931 3193 cornelianum.

208 3251 288 3334 Arp.
321 3249 354 3315 O.
374 3249 550 3328 Cornelius
566 3285 609 3295 —
627 3250 777 3315 tribunus
794 3249 909 3336 plebis,
930 3252 967 3329 (a.
986 3251 1053 3335 667)
1071 3287 1113 3296 -
1131 3253 1349 3336 promulgavit

121 3355 239 3436 legem,
268 3372 333 3434 qua
361 3351 588 3417 auctoritatem
611 3355 743 3416 senatus
765 3350 945 3430 minuebat,
970 3371 1010 3417 ne
1032 3354 1105 3433 quis
1127 3354 1189 3418 nisi
1213 3373 1271 3435 per
1292 3373 1347 3436 po

121 3458 234 3539 pulum
252 3455 379 3536 legibus
395 3453 581 3518 solveretur.
617 3451 710 3530 Quod
727 3453 861 3534 antiquo
881 3471 1008 3534 quoque
1027 3455 1098 3519 iure
1115 3459 1186 3519 crat
1201 3462 1345 3536 cautum3

120 3560 232 3641 itaque
242 3559 274 3621 iu
287 3557 434 3622 omnibus
444 3553 547 3635 sctis,
556 3556 673 3636 quibus
689 3555 828 3635 aliquam
845 3555 971 3635 legibus
990 3555 1070 3620 solvi
1086 3555 1243 3637 placebat,
1263 3559 1346 3624 adici

119 3665 192 3725 erat
215 3659 355 3736 solitum,
378 3662 416 3721 ut
438 3658 478 3722 de
497 3675 536 3722 ca
551 3675 586 3722 re
605 3657 647 3721 ad
666 3656 820 3742 populum
838 3655 992 3735 ferretum
1016 3657 1073 3721 sed
1092 3657 1250 3738 paulatim
1268 3658 1345 3724 ferri
1431 3711 1436 3720 .

119 3765 193 3825 erat
216 3759 362 3836 desitum,
385 3777 503 3840 resque
525 3761 589 3824 iam
613 3760 646 3822 in
670 3777 739 3823 eam
758 3758 1023 3823 consuetudinem
1040 3763 1184 3839 venerat,
1204 3765 1241 3824 ut
1257 3769 1344 3842 post-

118 3880 207 3928 remo
239 3879 279 3924 ne
311 3861 494 3925 adiceretur
525 3861 654 3942 quidem
687 3860 719 3922 in
743 3858 837 3926 sctis
864 3860 904 3924 de
934 3859 1102 3940 rogatione
1125 3861 1166 3924 ad
1189 3860 1342 3941 populum

117 3962 260 4042 ferenda,
284 3980 388 4043 eaque
409 3962 482 4042 ipsa
499 3961 583 4026 suta
606 3978 664 4042 per·
688 3960 841 4042 pauculos
858 3961 1030 4025 admodum
1049 3959 1178 4026 fiebant.
1209 3963 1344 4044 Indigne

118 4083 191 4130 eam
215 4062 344 4129 Corneli
367 4063 569 4143 rogationem
592 4063 737 4127 tulerant
769 4061 984 4142 potentissimi
1007 4062 1128 4143 quique
1156 4080 1194 4126 en
1217 4069 1341 4144 senatu,

118 4185 256 4248 quorum
272 4166 379 4245 gratia
394 4181 588 4244 magnopere
601 4163 823 4240 minuebatur;
838 4163 946 4244 itaque
961 4162 996 4226 P.
1008 4161 1162 4228 Servilius
1173 4162 1340 4244 Globulus,

186 4317 211 4381 1)
232 4315 287 4369 Cic.
305 4314 401 4369 c‘uPa's.
419 4318 444 4380 4,
462 4317 493 4366 9:
520 4314 641 4382 ‘collegia
659 4327 711 4366 non
730 4327 760 4366 ea
778 4311 871 4374 solum,
890 4327 958 4380 quae
975 4313 1084 4365 senatus
1098 4313 1253 4378 sustulerat,
1263 4315 1340 4369 resti-

115 4403 186 4464 tuta,
211 4399 258 4454 sed
284 4399 489 4452 innumerabilia
513 4397 641 4467 quaedam
665 4411 733 4450 nova
755 4413 785 4450 ex
810 4400 881 4450 omui
898 4395 971 4451 faece
988 4396 1061 4450 urbis
1079 4413 1109 4450 ac
1127 4398 1237 4452 servitio
1255 4400 1339 4453 conci-

115 4485 192 4539 tata'.
213 4485 252 4537 De
271 4485 390 4550 tempora
408 4482 487 4535 huius
505 4482 573 4550 legis
583 4497 607 4534 v.
619 4481 727 4536 Momm.
738 4479 770 4534 dc
783 4481 841 4535 coll.
852 4482 962 4536 73-78.
975 4511 1007 4520 -
1016 4481 1042 4548 2)
1052 4481 1091 4536 cf.
1103 4480 1175 4537 Fen.
1185 4481 1338 4542 Praeteriti.

169 4569 260 4620 sunna,
271 4567 350 4608 Fontes
363 4567 425 4608 iuria.
452 4566 510 4608 ltdit.
525 4565 565 4607 ill.
1137 4568 1168 4622 19
