3328 5356
274 436 339 501 300
664 396 667 400 -
812 434 968 504 Scriptores.

275 612 412 686 ceratus,
432 607 559 672 librarii
579 607 758 672 scriberent
775 607 956 688 complures
975 606 1070 672 simul
1089 607 1267 687 adstantes
1286 606 1397 671 divisis
1414 607 1499 671 inter

276 728 309 774 se
328 708 491 790 partibus,
514 713 594 790 quot
617 709 755 790 quisque
775 706 873 773 verba
896 713 929 774 et
953 726 1016 790 quo
1038 709 1150 774 ordine
1172 709 1344 789 exciperet.
1377 708 1498 773 Romae

275 811 398 891 primus
418 809 503 890 Tiro,
519 808 683 875 Ciceronis
697 809 845 890 libertus,
864 815 1099 875 commentatus
1115 814 1164 875 est
1178 815 1283 890 notas,
1302 809 1360 874 sed
1374 815 1502 874 tantum

274 911 559 993 praepositionum.
605 911 635 975 2.
663 911 740 976 Post
773 929 846 976 eum
868 911 1044 992 Vipsanius
1073 911 1284 993 Philargyrus
1316 915 1349 976 et
1371 909 1502 993 Aquila,

274 1015 411 1080 libertus
439 1014 654 1094 Maecenatis,
686 1013 771 1078 alius
798 1013 881 1078 alias
912 1013 1123 1090 addiderunt;
1156 1012 1294 1093 denique
1317 1010 1439 1076 Seneca
1460 1047 1504 1058 —

275 1113 379 1180 effecit
402 1133 484 1197 opus
506 1116 538 1180 in
562 1115 705 1197 quinque
721 1115 818 1179 miha.
851 1114 955 1180 Notae
973 1120 1084 1180 autem
1104 1115 1212 1180 dictae
1230 1131 1279 1192 eo,
1299 1113 1384 1196 quod
1403 1113 1505 1178 verba

274 1217 324 1281 vel
347 1217 489 1298 syllabas
512 1213 664 1298 praefixis
686 1215 933 1282 characteribus
956 1220 1071 1280 notent
1093 1220 1127 1280 et
1150 1216 1193 1280 ad
1219 1215 1371 1280 notitiam
1392 1215 1504 1296 legen-

274 1319 355 1382 tium
366 1323 527 1397 revocent,
547 1336 629 1400 quas
645 1318 700 1400 qui
711 1317 896 1382 didicerunt
907 1316 1039 1398 proprie
1056 1317 1122 1381 iam
1133 1315 1254 1381 notarii
1270 1316 1507 1398 appellantur.¹

357 1417 408 1484 22.
432 1419 462 1482 1.
482 1418 647 1496 Quaedam
666 1419 797 1483 litterae
816 1423 925 1482 autem
937 1419 970 1482 in
980 1417 1073 1482 libris
1083 1417 1164 1481 iuris
1182 1416 1354 1482 verborum
1372 1434 1507 1481 suorum

273 1527 371 1586 notae
404 1525 499 1601 sunt,
544 1539 608 1602 quo
642 1520 775 1600 scriptio
807 1519 944 1584 celerius
974 1517 1167 1601 breviorque
1197 1517 1265 1583 fiat.
1311 1517 1507 1583 Scribebant

274 1627 383 1688 autem
399 1623 493 1688 verbi
512 1623 620 1704 gratia
638 1640 697 1703 per
714 1620 741 1684 B
758 1625 792 1685 et
808 1621 834 1684 F
850 1621 978 1686 ‘bonum
996 1618 1140 1699 factnm'
1160 1638 1218 1700 per
1236 1618 1258 1684 S
1277 1618 1357 1684 etC‘
1370 1625 1506 1684 senatus

273 1723 476 1804 consultum,'
496 1724 596 1806 perlt
612 1723 682 1789 etP
702 1725 763 1788 ‘res
779 1721 930 1803 publica:
950 1740 1008 1803 per
1019 1723 1044 1786 P
1055 1728 1088 1786 et
1104 1722 1132 1786 R
1151 1721 1301 1802 ‘populus
1318 1719 1505 1796 Romanus,’

275 1843 332 1906 per
354 1825 383 1889 D
406 1830 439 1891 et
462 1826 488 1890 T
512 1823 713 1905 dumtaxat,
738 1843 796 1906 ρει·
819 1825 968 1906 supinam
990 1838 1018 1890 tl
1045 1824 1191 1889 litteram
1219 1820 1364 1902 ‘mulien'
1395 1839 1454 1902 per
1480 1821 1506 1884 P

275 1928 451 1993 secundum
481 1934 633 1993 naturam
665 1926 837 2008 ‘pupillus'
867 1945 925 2007 ρετ
947 1925 973 1990 P
996 1943 1109 1992 averso
1133 1925 1241 2006 capite
1264 1922 1420 2004 ‘pupilla'
1444 1942 1503 2004 per

274 2047 373 2093 unum
396 2029 426 2093 Κ
459 2028 598 2110 ‘kaput,’
630 2047 688 2110 per
711 2029 775 2094 duo
798 2028 859 2092 llll
882 2027 1055 2092 coniuncta
1078 2026 1273 2091 ‘kalumniae
1294 2024 1421 2104 kausa‚'
1445 2044 1504 2106 per

273 2131 289 2193 l
310 2136 343 2194 et
365 2129 393 2193 Ε
417 2131 522 2196 ‘iudex
547 2129 637 2209 est0,’
660 2147 718 2210 per
736 2131 766 2194 D
786 2135 820 2194 et
837 2130 870 2194 M
894 2129 1012 2194 ‘dolum
1030 2125 1184 2194 τττεΙιιτττ.’2
1206 2126 1235 2192 2.
1256 2126 1356 2192 Cuius
1375 2128 1503 2209 generis

274 2230 431 2311 plurimas
453 2217 636 2297 consimiles
663 2237 758 2296 notas
786 2230 934 2296 inlibris
965 2231 1110 2311 antiquis
1131 2229 1285 2294 invenies.
1330 2227 1401 2293 Has
1423 2229 1504 2293 iuris

275 2339 367 2397 notas
392 2333 507 2397 novitii
530 2334 743 2414 imperatores
766 2352 786 2398 a
808 2332 972 2398 codicibus
994 2331 1103 2413 legum
1121 2331 1296 2396 abolendas
1314 2327 1504 2408 sanxerunt,

276 2434 353 2514 quia
368 2435 488 2500 multos
510 2453 568 2515 ρετ
585 2435 667 2498 haec
690 2433 799 2500 callidi
821 2433 951 2514 ingenio
968 2433 1155 2515 ignorantes
1170 2433 1386 2514 decipiebant,
1406 2437 1504 2514 atque

274 2537 322 2600 ita
350 2537 515 2602 iusserunt
546 2536 734 2602 scribendas
765 2536 798 2600 in
830 2536 957 2618 legibus
988 2534 1131 2614 htteraS‚
1162 2540 1201 2600 ut
1228 2535 1334 2600 nullos
1366 2552 1501 2614 erronee,

275 2636 382 2700 nullas
394 2637 548 2719 ambages
559 2635 704 2716 afferant,
715 2637 772 2702 sed
783 2637 947 2718 sequenda
957 2642 990 2702 et
1000 2637 1256 2718 vitandaaperte
1271 2638 1503 2702 demonstrent.

836 2785 896 2839 Lib.
906 2785 937 2840 V.

367 2870 395 2951 l,
417 2869 447 2935 ὃ.
470 2872 758 2954 Legesaredigere
781 2872 928 2938 inlibris
951 2875 1075 2954 primus
1098 2875 1210 2940 consul
1227 2874 1398 2956 Pompeius
1413 2875 1504 2939 insti·

277 2981 369 3040 tuere
399 2974 515 3054 voluit,
540 2975 595 3040 sed
625 2995 688 3040 non
711 2977 940 3058 perseveravit,
965 2979 1222 3042 obtrectatorum
1244 2983 1341 3043 metu.
1379 2978 1503 3042 Deinde

278 3073 397 3142 Caesar
420 3077 527 3158 coepit
549 3078 582 3142 id
605 3075 720 3158 lacere,
744 3079 802 3143 sed
825 3084 901 3144 ante
923 3077 1115 3144 interfectus
1138 3085 1196 3144 est.

277 3228 391 3296 populis,
414 3232 538 3297 totosque
561 3245 591 3282 eo
613 3229 685 3297 tingi
709 3245 838 3296 proceres,
861 3229 932 3283 hunc
950 3229 989 3283 ibi
1007 3230 1115 3284 deorum
1132 3229 1280 3284 simulacris
1298 3231 1413 3284 colorem
1430 3231 1503 3284 esse'.

278 3314 310 3368 cf.
329 3312 485 3380 Mororum,
504 3312 539 3369 R.
558 3314 592 3367 G.
610 3318 635 3381 1,
652 3317 694 3366 66.
713 3343 747 3352 -
764 3314 791 3380 3)
809 3313 941 3378 Isidorus,
964 3314 1100 3383 episcopus
1118 3315 1287 3383 Hispalensis
1313 3319 1340 3382 (†
1358 3316 1427 3380 636),
1444 3332 1503 3370 con·

278 3399 396 3466 scripsit,
420 3403 451 3452 ut
472 3399 528 3468 ipse
547 3398 628 3465 dicit,
651 3402 724 3466 ‘opus
747 3398 779 3452 de
797 3399 900 3466 origine
918 3398 1081 3468 quarundam
1100 3415 1188 3454 rerum
1206 3416 1237 3453 er
1261 3401 1362 3454 veteris
1383 3401 1504 3455 lectionis

278 3483 462 3538 recordatione
485 3484 624 3537 collectum
654 3487 735 3551 atque
758 3483 800 3537 ita
826 3483 853 3536 in
872 3483 1030 3553 quibusdam
1049 3485 1113 3538 locis
1131 3487 1304 3549 annotatum,
1327 3486 1398 3539 sicut
1417 3487 1504 3538 exstat

278 3568 457 3635 conscriptum
481 3568 547 3620 stilo
565 3565 710 3622 maiorum'.
746 3566 821 3632 Quod
838 3567 904 3622 licet
921 3583 1047 3638 perquam
1065 3568 1139 3622 rudis
1156 3569 1342 3638 indigestaque
1359 3571 1397 3624 sit
1414 3570 1504 3635 moles,

279 3669 340 3707 vera
362 3652 437 3705 salsis
463 3652 576 3719 antiquo
593 3651 668 3704 novis
686 3651 799 3705 miscens
828 3653 951 3721 omnique
969 3651 1023 3708 fere
1045 3654 1073 3706 in
1096 3654 1142 3716 iis,
1164 3669 1232 3722 quae
1250 3652 1283 3707 ad
1302 3654 1505 3722 impertirent,

279 3736 441 3790 destitutum
466 3735 576 3802 iudicio,
600 3739 690 3789 tamen
714 3736 854 3805 nonnulla,
878 3754 945 3806 qnae
968 3754 998 3792 er
1021 3740 1140 3791 veterum
1159 3737 1235 3792 libris
1256 3744 1321 3792 tnnc
1339 3737 1506 3792 exstantibus

278 3837 347 3875 nunc
357 3820 502 3889 deperditis
512 3821 633 3888 protulit,
646 3820 730 3887 digna
747 3820 1038 3890 videntur,qnae10tis
1053 3822 1131 3876 hodie
1141 3821 1175 3876 ad
1186 3838 1295 3876 manum
1304 3822 1368 3874 sint.
1387 3821 1506 3876 Summe·

278 3921 339 3973 pere
349 3907 391 3958 est
400 3902 551 3969 dolendum,
562 3903 632 3973 quod
646 3905 741 3973 fontes,
751 3922 781 3960 ex
790 3905 887 3974 quibus
896 3907 1025 3970 hauserit,
1035 3921 1165 3975 nusquam
1174 3905 1293 3972 addidit;
1310 3923 1343 3960 ne
1352 3907 1381 3960 id
1389 3907 1508 3976 quidem,

278 4007 342 4043 num
362 3989 505 4042 Iustiniani
522 3989 643 4058 Digestis
660 4007 724 4043 usus
742 3991 788 4054 sit,
806 3995 919 4046 constat.
938 3991 971 4048 cf.
985 3991 1217 4062 Sompoycoca.
1235 3991 1261 4047 d.
1276 3991 1311 4048 R.
1322 3992 1358 4048 R.
1367 3993 1386 4046 i.
1396 3992 1467 4047 Mitt.
1477 3995 1506 4056 2,

279 4077 320 4141 74,
331 4077 371 4128 75.
385 4074 512 4139 Dictaeo,
529 4075 633 4130 binterl.
646 4073 791 4143 Sclrrtfteo,
800 4077 923 4146 Ῑιεταττερ.
941 4093 964 4131 o.
975 4076 1070 4132 Sunio.
1087 4081 1183 4141 1‚185.
1202 4076 1293 4131 Editio
1305 4077 1450 4130 novissimo
1463 4079 1508 4130 est

206 4212 226 4240 0
281 4158 387 4214 Ottoois
403 4161 431 4213 in
450 4159 635 4214 Lindemanoi
652 4176 723 4229 corp.
741 4167 883 4230 promorat.
903 4162 949 4216 lut.
963 4161 991 4216 Τ.
1002 4161 1061 4216 ΠΙ.
1072 4165 1159 4230 1838,-
1176 4161 1271 4216 melins
1288 4165 1380 4215 antem
1400 4163 1507 4214 textum

279 4247 431 4312 corruptum
449 4245 600 4299 emendavit
619 4246 752 4299 Arevolus
769 4247 798 4298 in
815 4245 855 4299 ed.
874 4261 936 4316 opp.
955 4245 1023 4302 leid.
1045 4247 1074 4300 Τ.
1092 4247 1148 4300 ΠΙ
1161 4251 1189 4301 et
1206 4246 1228 4299 I
1230 4245 1260 4300 V.
1277 4245 1382 4300 Romae
1398 4249 1472 4299 1797.

348 4331 373 4390 1)
392 4329 433 4383 Cf.
451 4330 488 4383 D.
506 4334 550 4394 29,
568 4335 594 4392 1,
612 4333 723 4399 dopm-
741 4333 785 4398 40,
803 4335 829 4398 5,
846 4335 889 4395 41,
907 4335 939 4398 3,·
956 4335 1001 4394 50,
1019 4336 1061 4396 13,
1078 4337 1104 4399 1,
1121 4335 1146 4385 6.
1164 4331 1242 4394 -it
1259 4331 1299 4386 Cf.
1324 4329 1383 4384 Vol.
1397 4329 1507 4384 Probus

280 4412 312 4465 de
329 4414 400 4468 notis
417 4415 547 4482 antiquie,
565 4415 605 4469 ed.
624 4414 780 4469 Mommsen.
798 4419 876 4470 1853.
913 4416 1058 4482 (Huschke,
1080 4418 1135 4470 ier.
1160 4421 1216 4470 ant.
1230 4432 1261 4484 ρ.
1278 4417 1331 4480 68).
1368 4415 1508 4471 Natarum

280 4496 405 4552 laterculi
422 4497 462 4552 ed.
481 4499 539 4554 Mo.
557 4500 585 4552 in
603 4500 754 4554 Grammut.
772 4499 818 4552 lat.
836 4499 876 4553 ed.
895 4499 966 4566 Keil,
983 4505 1009 4569 4,
1026 4503 1175 4555 265-352.
