3296 5370
594 401 708 490 senatus
726 437 855 493 consulta.
1273 437 1332 502 141

106 612 327 676 fideiussiones
355 615 388 674 et
414 611 519 674 mutui
538 609 685 674 dationes
703 627 761 690 pro
782 608 863 686 aliis,
888 609 1003 690 quibus
1025 609 1267 674 intercesserint
1289 607 1334 674 f-

105 715 221 792 minae
245 711 399 792 pertinet:
423 711 554 775 tametsi
578 717 653 774 ante
676 711 805 774 videtur
823 710 870 773 ita
893 710 944 773 ius
967 710 1089 774 dietum
1116 729 1200 790 esse,
1230 729 1271 776 ne
1295 730 1332 776 eo

107 815 237 878 nomine
256 815 296 877 ab
316 813 366 876 his
384 813 499 892 petitio
518 813 592 891 (sit),
612 831 690 876 neve
708 812 740 876 in
761 830 815 876 eas
840 811 923 875 actio
945 811 1049 888 detur,
1067 830 1140 876 eum
1158 831 1213 878 eas
1234 812 1332 876 virili·

107 917 169 979 bus
203 913 315 978 officiis
346 912 437 994 iungi
460 904 582 978 eteius
605 915 731 995 generis
754 912 1004 994 obligationibus
1027 913 1185 994 obstringi
1207 932 1269 978 non
1291 915 1334 978 sit

107 1035 262 1110 aequum,
294 1016 448 1080 arbitrari
473 1021 629 1086 senatum,
652 1019 740 1080 recte
761 1022 859 1095 atque
882 1015 992 1079 otdine
1014 1013 1166 1093 facturos,
1190 1015 1231 1080 ad
1254 1033 1332 1095 quos

107 1121 148 1183 de
171 1137 208 1181 ea
230 1135 265 1180 re
287 1117 319 1180 in
343 1117 412 1180 iure
435 1117 558 1180 aditum
582 1119 658 1196 erit,
686 1118 714 1181 si
737 1117 884 1181 dederint
907 1134 1044 1196 operam,
1067 1121 1104 1180 ut
1122 1117 1155 1180 in
1173 1134 1267 1194 eure
1284 1134 1332 1180 se-

106 1227 202 1284 natus
225 1219 370 1283 voluntas
394 1223 551 1282 servetur·
989 1223 992 1230 ’

401 1335 430 1402 2.
454 1336 510 1402 SC.
536 1337 804 1416 Ostorianum‚
829 1333 1039 1402 a.41-4v.1·

192 1456 281 1537 (Uip.
305 1455 323 1519 l.
351 1455 442 1520 XIV
471 1455 513 1520 nd
536 1457 626 1520 Sat:
654 1453 766 1537 (scta,
798 1456 883 1537 quod
915 1453 1035 1519 factum
1065 1460 1114 1519 est
1143 1453 1331 1519 Claudianis

108 1558 306 1638 temporibus
333 1557 447 1622 Velleo
474 1555 558 1622 Rufo
583 1563 619 1636 et
642 1557 769 1622 Osterio
794 1556 933 1638 Scapula
965 1576 1026 1622 eos.
1049 1558 1089 1622 de
1121 1557 1330 1638 adsignandis

107 1659 229 1724 libertis
252 1661 285 1724 in
308 1660 388 1724 haee
410 1661 510 1724 verba
534 1653 704 1737 eavetrrr'2)
770 1689 774 1692 -

122 1776 125 1782 ·
193 1759 236 1840 Si,
257 1762 312 1842 qui
332 1762 411 1826 duos
430 1761 578 1841 pluresve
598 1761 828 1826 liberosiustis
846 1761 968 1842 nuptiis
988 1761 1152 1841 quaesitos
1170 1761 1202 1824 in
1222 1764 1328 1840 potes-

106 1867 176 1926 tate
192 1863 336 1942 haberet
361 1864 400 1927 de
417 1863 534 1928 liberto
556 1861 715 1928 libertave
735 1881 794 1927 sua
811 1860 1031 1944 significasset,
1052 1863 1143 1926 ouius
1162 1881 1199 1926 ex
1217 1861 1327 1926 liberis

49 2023 61 2042 s
106 1966 173 2028 suis
192 1983 265 2028 eum
283 1963 435 2027 libertum
459 1983 570 2028 eamve
592 1959 746 2029 libertam
766 1983 835 2028 esse
854 1964 958 2037 vellet,
982 1963 1009 2028 is
1027 1982 1114 2042 eave,
1135 1964 1327 2045 quandoque

106 2067 144 2144 is,
169 2067 223 2146 qui
240 2085 313 2128 eum
324 2084 433 2129 eamve
451 2067 640 2130 manumisit
657 2065 742 2129 inter
751 2067 839 2130 vivos
849 2065 900 2129 vel
918 2069 1122 2144 testamento,
1142 2066 1175 2129 in
1195 2065 1328 2128 civitate

18 2171 22 2178 '
107 2185 178 2229 esse
197 2167 346 2232 desisset:
367 2168 452 2231 solus
471 2168 499 2230 ei
514 2173 669 2248 patronus
688 2168 795 2231 solave
814 2171 1057 2248 patronaesset
1076 2167 1209 2247 perinde
1229 2170 1327 2246 atque

108 2268 135 2331 si
158 2267 198 2330 ab
227 2285 263 2330 eo
292 2286 370 2332 eave
397 2268 581 2332 libertatem
611 2259 800 2333 consecutus
828 2273 1039 2333 consecutave
1063 2273 1152 2332 esset.
1196 2268 1326 2349 Utique,

109 2369 136 2432 si
164 2387 202 2431 ex
223 2368 334 2434 liberis
366 2371 438 2452 quis
468 2371 653 2434 incivitate
682 2389 750 2435 esse
780 2371 930 2451 desisset,
963 2389 1067 2452 neque
1097 2371 1127 2434 ei
1152 2371 1246 2435 liberi
1269 2371 1327 2434 ulli

108 2475 224 2551 esseut,
257 2471 371 2535 ceteris
402 2473 470 2536 eius
496 2472 620 2553 liberm,
652 2473 707 2554 qui
730 2473 927 2551 manumisit,
964 2471 1096 2553 perinde
1124 2473 1228 2536 onrnia
1253 2473 1327 2558 iura
1438 2515 1440 2520 ,

109 2577 325 2653 servarentur,
350 2592 387 2669 ale
406 2576 432 2639 si
454 2574 534 2638 nihil
554 2573 592 2638 de
616 2593 653 2638 eo
675 2574 791 2638 liberto
811 2592 887 2637 eave
910 2573 1028 2637 liberta
1050 2573 1077 2637 is
1096 2592 1211 2654 parens
1228 2575 1326 2656 signi-

104 2672 242 2740 ficasset.
322 2709 324 2713 ·
1323 2673 1324 2676 ’

219 2792 248 2858 3.
273 2791 364 2858 suu.
389 2795 432 2858 aa
456 2791 656 2858 aestercus
679 2813 751 2859 non
776 2753 990 2876 armentis,
1014 2815 1041 2862 a.
1064 2795 1214 2860 41-sar

190 2893 215 2976 1.
238 2911 293 2976 sn.
317 2912 450 2978 uonna
475 2913 558 2978 Geta
576 2913 610 2978 n.
635 2914 779 2996 vagella
803 2933 864 2980 aas.
885 2913 889 2998 l
910 2915 949 2980 u.
972 2916 1059 2994 urar.)
1080 2916 1207 2981 Octobr.
1226 2913 1309 2998 sel

194 3013 273 3103 Cum
289 3015 491 3092 providentia
505 3018 629 3096 optumi
647 3017 801 3098 principis
811 3019 907 3082 tectis
926 3036 1054 3100 quoque
1073 3015 1078 3101 l
1098 3019 1327 3083 urbisnostrae

7 3119 8 3158 l
109 3118 142 3176 et
164 3115 265 3176 totius
287 3115 401 3178 Italiae
430 3118 618 3182 aeternitati
642 3119 853 3198 prospexerit,
882 3119 998 3200 quibus
1019 3115 1023 3202 l
1042 3120 1111 3198 ipse
1138 3138 1201 3182 non
1225 3120 1327 3182 solum

7 3221 9 3242 '
108 3220 281 3294 praesepto
306 3217 534 3300 augustissimo
558 3225 607 3282 set
634 3220 731 3282 etiam
759 3220 918 3299 exsemplo
939 3216 943 3302 Ι
963 3238 1021 3284 suo
1044 3221 1225 3299 prodesset,
1254 3229 1360 3284 eon-5.

108 3317 321 3396 veniretqlue)
354 3315 502 3382 felicitati
535 3319 654 3384 saeculi
681 3319 833 3384 instantis
861 3318 865 3402 l
889 3321 1094 3400 proportione
1125 3321 1326 3400 publicorum

177 3468 202 3534 1)
221 3466 257 3520 D.
276 3471 319 3530 38,
337 3471 361 3530 4,
381 3471 396 3520 1
411 3483 456 3536 pr.
483 3468 551 3520 Cum
569 3469 631 3522 inI.
649 3473 675 3535 3,
694 3473 720 3534 8,
737 3473 755 3521 3
772 3467 890 3522 dicatur:
908 3469 998 3533 ‘scta
1017 3470 1084 3538 quod
1095 3432 1250 3524 Claudianis
1259 3473 1326 3524 tem·
1371 3505 1373 3510 ·

7 3545 8 3568 ³
108 3553 214 3620 poribus
236 3551 340 3606 factum
358 3555 399 3606 est
411 3553 573 3608 SuilloRufo
591 3557 619 3608 et
629 3553 733 3608 Ostorio
742 3555 855 3622 Scapula
872 3556 940 3617 eos.',
959 3559 987 3608 et
1005 3555 1117 3609 Suillius
1125 3556 1210 3612 Rufus
1221 3556 1327 3610 Claudii

108 3638 274 3704 temporibus
293 3639 374 3692 etiam
392 3637 461 3706 apud
475 3639 598 3692 Tacitum
618 3642 645 3693 et
664 3640 780 3693 Plinium
803 3641 829 3694 et
847 3640 874 3692 in
894 3640 974 3694 titulo
991 3640 1075 3706 (Mur.
1093 3643 1154 3702 304,
1172 3643 1198 3706 4)
1217 3656 1326 3694 comme·

7 3713 8 3742 ³
110 3725 234 3790 irroratum
252 3740 346 3776 nomen
366 3724 541 3794 eiusinDt'p.
561 3727 711 3792 corruptum
729 3741 786 3778 esse
804 3723 917 3780 videtur.
953 3725 1080 3780 Attamen
1099 3725 1146 3780 SC.
1161 3727 1179 3780 'a
1199 3728 1269 3779 certo
1288 3727 1326 3780 al·
1357 3760 1360 3764 -

7 3809 8 3828 *
109 3808 192 3862 terius
210 3809 324 3862 consulis
342 3809 446 3862 nomine
466 3809 635 3864 denominare
653 3811 745 3873 malui,
763 3825 823 3864 cnm
836 3811 918 3864 etiam
932 3809 1062 3865 aliaSOta
1076 3803 1326 3864 aseeundoeonsulo

109 3893 364 3960 nomentrarerint,
390 3897 421 3948 ut
440 3895 534 3949 Vellei.
554 3895 667 3949 Trebell.
695 3895 798 3950 Iuvent.
821 3895 999 3949 Annns'SCti
1023 3899 1110 3950 certus
1133 3897 1258 3949 constitui
1276 3913 1326 3949 non

7 3975 8 3982 ’
110 3979 209 4046 potest;
232 3979 313 4047 vulgo
337 3981 435 4046 putant
457 3995 481 4033 a.
498 3981 532 4035 46
554 3984 660 4049 propter
681 3981 818 4034 Vellaeum
842 3997 891 4034 eos.
916 4009 950 4020 -
972 3981 998 4044 2)
1020 3981 1092 4034 Haeo
1114 3981 1195 4044 SCC„
1217 3997 1326 4048 quorum

7 4063 8 4074 ³
110 4063 223 4117 alterurn
242 4063 315 4116 intra
334 4077 358 4117 a.
376 4063 487 4128 41-46,
506 4066 621 4120 alterum
639 4067 816 4122 abiifaetnm
834 4067 883 4130 est,
901 4065 947 4118 uni
964 4065 1072 4120 tabulae
1090 4065 1326 4134 inseriptaHereu-

7 4145 8 4220 f
110 4147 179 4200 lanei
198 4147 267 4200 eires
284 4164 307 4200 a.
327 4149 393 4202 1600
411 4153 515 4216 reperta
533 4152 604 4203 sunt.
632 4150 734 4206 Tabula
751 4151 809 4218 ipse
826 4153 874 4204 aut
889 4150 1001 4218 deperiit
1009 4154 1057 4204 aut
1064 4152 1143 4220 latet,
1153 4151 1226 4204 edita
1236 4155 1326 4206 autem

7 4231 8 4262 l
111 4234 150 4283 est
172 4233 225 4284 iam
249 4248 272 4284 a.
297 4234 363 4288 1607
383 4250 398 4286 a
418 4233 551 4303 Oupueeio
570 4235 639 4302 (bist.
659 4235 748 4304 Neap.
765 4239 792 4299 2,
810 4238 852 4300 9);
879 4236 992 4289 alterum
1011 4237 1150 4305 exemplar,
1168 4237 1246 4304 idque
1266 4236 1325 4292 dili-

7 4323 8 4346 ³
111 4317 217 4381 gentius
240 4316 415 4384 descriptum,
441 4335 457 4371 a
489 4319 653 4374 Momruseuo
676 4319 786 4374 Parisiis
809 4320 1003 4387 investigatum
1026 4337 1042 4374 a
1066 4321 1133 4375 1850
1161 4319 1260 4374 editum
1285 4326 1325 4376 est

7 4403 8 4410 ’
113 4401 211 4469 (Leipe.
230 4403 354 4464 Beriebte
371 4407 396 4467 4,
415 4407 496 4471 272).
525 4405 667 4474 Utriusque
676 4406 726 4460 SO,
744 4405 990 4474 interpretationem
999 4405 1084 4458 dedit:
1103 4406 1249 4473 Buelvoferg
1262 4424 1325 4462 aus-

110 4500 171 4554 pew.
190 4487 298 4542 Lebreu
315 4488 341 4542 d.
359 4495 425 4543 edm.
446 4491 500 4546 Oia.
520 4491 555 4546 R.
573 4508 600 4561 p.
619 4494 679 4558 187,
696 4493 772 4544 textu
790 4490 911 4560 Capaeoii
929 4505 991 4543 usus
1011 4490 1079 4544 sieut
1099 4490 1145 4546 Or.
1163 4495 1239 4546 3115.
