3328 5356
330 443 394 508 310
835 523 838 533 Δ
866 445 1022 514 Scriptores.

417 615 649 699 (13)]1818818
668 619 792 684 sacris
806 624 844 684 et
862 619 1069 700 religiosis
1086 625 1185 684 contr.
1196 619 1354 700 plurimae
1366 626 1552 699 nascuntur,

280 724 417 798 idquae
448 717 519 784 iure
556 721 719 787 ordinario
750 719 921 800 finiuntur,
953 721 1016 784 nisi
1044 721 1070 785 si
1095 721 1133 786 de
1156 719 1307 803 locolrum
1330 740 1438 786 eorum
1463 724 1553 788 modo

332 820 451 901 agitur.
473 855 516 866 -—
538 827 572 883 F.
591 831 632 882 56.
651 829 686 882 A.
705 831 748 883 87.
964 823 970 836 '

416 919 483 1003 (14)
503 921 551 986 De
583 941 714 1006 aquae
746 925 905 1005 pluviae
937 924 1108 989 transitu
1138 931 1238 990 contr.
1267 931 1330 1004 est,
1365 927 1498 1008 inqua,
1529 927 1554 990 si

280 1031 322 1084 24.
334 1024 486 1089 collectus
517 1025 668 1105 pluvialis
699 1045 803 1108 aquae
835 1023 1056 1091 transversum
1089 1045 1200 1092 secans
1235 1025 1330 1091 finem
1357 1027 1390 1090 in
1414 1026 1554 1110 clitorius

331 1124 466 1191 fundum
488 1126 596 1192 influit
619 1133 652 1192 et
674 1129 882 1206 disconvenit,
908 1129 949 1192 ad
972 1129 1023 1192 ius
1042 1128 1240 1193 ordinarium
1259 1129 1553 1210 pertinebit3'quod

250 1283 254 1296 ,
332 1229 359 1292 81
375 1247 433 1309 per
451 1231 687 1296 ordinationem
705 1229 778 1296 finis
796 1231 898 1312 ipsius
915 1231 1035 1312 agitur,
1055 1231 1154 1307 exigit
1164 1231 1320 1295 mensoris
1330 1231 1553 1308 interventum,

332 1335 365 1394 ct
388 1335 488 1395 contr.
512 1332 646 1396 tollitur.
699 1339 733 1392 F.
752 1342 793 1392 57.
817 1342 851 1392 A.
870 1343 915 1393 88.

417 1431 489 1515 (11)
511 1433 559 1496 118
582 1435 814 1506 1118811188Ι
828 1442 927 1500 contr.
953 1442 1017 1515 881,
1041 1453 1123 1518 8888
1146 1435 1178 1499 18
1202 1433 1354 1500 arcifiniis
1378 1436 1467 1518 agris
1489 1436 1553 1499 iure

332 1534 495 1598 ordinario
518 1533 644 1614 finitur,
672 1537 904 1618 inassignatis
927 1556 1153 1602 mensurarum
1175 1537 1318 1616 ratione3
1342 1556 1454 1603 omnes
1477 1539 1553 1603 enim

331 1637 452 1701 limites
476 1637 652 1702 secundum
676 1638 780 1719 legem
805 1641 981 1706 colonicam
1003 1641 1113 1704 itineri
1136 1639 1266 1720 publico
1289 1641 1411 1705 servire
1435 1629 1557 1706 debent

331 1774 374 1782 -
396 1743 752 1800 8188888131·
775 1741 832 1806 ‘De
859 1743 912 1807 via
939 1750 972 1808 81
1000 1747 1076 1808 actu
1099 1747 1132 1806 81
1155 1743 1299 1806 itinere
1323 1747 1355 1806 et
1377 1743 1503 1808 ambitu
1522 1747 1548 1804 et
1637 1769 1638 1790 r

332 1859 464 1905 accessu
487 1846 520 1905 81
538 1843 616 1907 rivis
639 1847 674 1906 81
695 1843 834 1908 vallibus
852 1843 946 1909 fossis
964 1843 1109 1909 fontibus
1128 1862 1226 1924 saepe
1244 1849 1416 1908 moventur
1433 1848 1547 1909 conten·

331 1944 449 2024 tiones,
482 1962 564 2026 quae
588 1963 696 2009 omnes
719 1951 829 2026 partes
853 1964 916 2010 non
938 1952 1083 2010 nostram
1107 1945 1163 2010 sed
1186 1943 1321 2009 forensis
1345 1943 1458 2024 officii,
1488 1945 1505 2007 i.
1524 1962 1544 2005 8
1637 1959 1638 1980 r

331 2046 410 2111 iuris
433 2047 545 2126 civilis
567 2065 698 2128 operam
718 2049 866 2129 exigunt3
889 2067 947 2112 nos
965 2067 1040 2113 vero
1059 2054 1137 2112 tunc
1158 2048 1203 2112 eis
1221 2048 1468 2127 intervenimus,
1486 2064 1544 2110 oum
1637 2079 1638 2128 3

331 2155 388 2213 aut
411 2149 621 2230 derigendum
645 2150 766 2231 aliquid
790 2155 840 2214 881
863 2151 1120 2233 quaestionibus,
1152 2155 1223 2229 aut,
1255 2150 1282 2214 si
1314 2147 1419 2214 forma
1451 2149 1548 2228 aliqua

331 2251 454 2332 aliquid
477 2256 624 2315 notatum
646 2253 820 2332 invenitur,
842 2254 1055 2333 repetendum
1079 2250 1147 2316 est'

401 2522 403 2526 Ι
773 2443 967 2500 Frontinus
990 2443 1049 2503 lib.
1072 2444 1117 2498 11.
1269 2515 1277 2529 ἱ

279 2559 320 2613 34.
418 2561 513 2640 Satis,
536 2566 573 2625 ut
597 2565 686 2641 puto,
710 2559 847 2624 dilucide
871 2575 1076 2640 ...genera
1100 2557 1395 2622 controversiarum
1415 2553 1545 2632 arposni3

331 2683 416 2728 nunc
438 2663 707 2745 quemadmodum
731 2662 879 2741 singulae
901 2660 1040 2724 tractari
1059 2659 1198 2724 debeant
1216 2659 1472 2740 persequendum
1491 2656 1542 2716 881.

332 2787 373 2809 -·
395 2763 612 2830 Difficillimus
643 2767 750 2826 autem
781 2763 870 2848 locus
893 2761 946 2824 hic
979 2769 1043 2840 est,
1076 2762 1162 2842 quod
1188 2759 1328 2824 mensori
1349 2755 1542 2823 iudicandum

332 2872 394 2944 est3
406 2867 463 2930 sed
479 2885 537 2930 nac
552 2866 657 2928 minus
671 2864 726 2928 1118
744 2868 885 2942 exactus,
904 2863 990 2943 quod
1002 2867 1051 2926 est
1062 2863 1229 2927 advocatio
1242 2861 1462 2942 praestanda.¹
1474 2856 1545 2920 Pru-

332 2969 474 3033 dentiam
497 2974 606 3032 tamen
630 2966 764 3031 eandem
788 2963 927 3030 artifices
949 2963 1071 3029 habere
1095 2964 1215 3029 debent
1244 2963 1356 3044 etqui
1380 2954 1548 3048 iudicaturi
1637 2967 1638 3000 ὲ

333 3075 409 3134 sunt
438 3075 470 3134 81
497 3070 553 3151 qui
585 3068 814 3134 advocationes
843 3071 919 3131 sunt
945 3067 1146 3146 praestituri.
1191 3065 1228 3128 In
1250 3065 1427 3128 iudicando
1451 3065 1549 3127 autem
1637 3053 1638 3088 r

332 3190 510 3236 mensorem
533 3173 653 3236 bonum
675 3171 779 3235 virum
803 3174 836 3233 81
858 3169 980 3232 iustum
1004 3186 1102 3249 agere
1128 3169 1233 3247 decet,
1267 3181 1372 3248 neque
1398 3166 1464 3230 ulla
1491 3178 1549 3226 am·

332 3275 452 3340 18111888
469 3279 527 3338 aut
546 3273 695 3338 sordibus
718 3272 849 3350 moveri,
873 3288 1003 3334 servare
1019 3270 1200 3350 opinionem
1219 3275 1253 3334 81
1272 3270 1337 3334 arti
1355 3274 1390 3332 81
1401 3266 1549 3335 moribus

332 3377 463 3458 quidam
494 3377 578 3440 enim
608 3395 666 3456 per
688 3375 899 3455 imperitiam,
924 3372 1057 3454 quidam
1080 3390 1138 3454 per
1160 3370 1386 3452 inpudentiam
1409 3368 1549 3449 peccant:

332 3484 438 3544 toturn
453 3484 562 3542 autem
581 3479 641 3542 hoc
663 3476 830 3541 iudicandi
852 3473 991 3540 officium
1007 3479 1040 3537 et
1055 3473 1215 3538 hominem
1234 3477 1267 3536 et
1286 3469 1445 3557 artificem
1460 3464 1551 3545 exigit

334 3582 508 3663 egregium.
554 3580 637 3644 Erat
667 3579 909 3660 aequissimum,
942 3580 976 3641 et
1008 3578 1042 3640 in
1069 3567 1279 3640 advocatione
1307 3573 1442 3637 eandem
1464 3567 1551 3632 fidem

333 3683 477 3749 exhiberi
502 3702 521 3746 a
539 3681 755 3759 mensoribus3
779 3681 835 3744 sed
851 3679 911 3744 hoc
926 3696 1127 3760 possessores
1146 3675 1374 3762 aequo'animc
1394 3672 1478 3737 ferre
1495 3683 1551 3732 non

332 3790 482 3868 possunt:
505 3803 580 3848 nam
604 3802 674 3849 cum
692 3783 742 3847 his
761 3783 884 3846 veritas
907 3781 1053 3862 exposita
1077 3784 1134 3857 est,
1158 3779 1315 3842 adversus
1338 3774 1552 3840 sinceritatem

333 3887 415 3952 artis
436 3886 542 3952 lacere
565 3891 692 3968 cogunt.
