3330 5400
354 432 394 495 12
861 431 945 497 Leges
968 431 1066 498 regiae.

354 621 505 700 antiquos
528 625 637 700 patres
657 617 828 684 <maiorum
852 614 1001 700 gentium’
1027 621 1218 700 appellavit,
1247 639 1326 702 quos
1358 624 1493 702 priores
1518 641 1585 688 sen·

356 721 493 786 tentiam
516 724 700 803 rog-abate
723 740 756 786 se
779 722 919 786 adscitos
938 717 1146 788 ‘minorum.'¹

436 823 464 886 2.
488 825 583 888 Ιλιῖωι.
603 824 796 906 (3,61.62):²
819 822 851 888 oi
872 824 1024 906 πρέσβεις
1039 825 1123 905 (τῶν
1142 823 1336 910 Τυρρηνῶν)
1359 862 1403 872 -
1428 830 1584 912 παρῆσαν

350 961 393 972 -
415 925 457 991 τὰ
481 923 628 1010 σύμβολα
644 925 703 1012 τῆς
720 923 907 1011 ἡγεμονίας,
931 920 981 1000 οἷς
999 923 1164 1010 ἐκόσμουν
1183 922 1280 992 αύτοὶ
1300 925 1383 1002 τούς
1400 930 1584 1011 σφετέρους

350 1033 503 1108 βασιλεῖς,
526 1031 722 1112 κομίζοντες
744 1023 914 1107 στέςιανόν
936 1053 983 1108 τε,
994 1025 1145 1110 χρύσεον,
1168 1031 1223 1094 καὶ
1246 1025 1382 1112 θρόνον
1408 1027 1582 1112 ἐλεφάντι-

351 1153 420 1205 νον,
443 1132 499 1194 καὶ
522 1136 694 1213 σκῆπτρον
716 1125 818 1196 ἀετὸν
837 1129 916 1212 ἕχον
938 1131 992 1197 ἐπὶ
1015 1135 1075 1215 τῆς
1096 1132 1251 1216 κεμαλῆς,
1280 1130 1416 1213 χιτῶνά
1441 1155 1482 1196 τε
1506 1156 1581 1214 πορ-

348 1238 481 1316 φυροῦν
520 1230 733 1317 χρυσόσημον
764 1234 819 1296 καὶ
858 1230 1075 1317 περιβόλαιον
1104 1237 1303 1317 πορφυροῦν
1334 1235 1514 1300 ποικίλον.
1545 1271 1582 1279 -

351 1332 495 1411 Ταύταις
526 1349 599 1410 ταῖς
625 1349 735 1418 τιμαῖς
766 1331 784 1401 ὁ
812 1332 998 1418 Ταρκύνιος
1028 1332 1089 1401 ούκ
1124 1332 1228 1410 εὐθὺς
1259 1332 1428 1420 ἐχρήσατο
1459 1332 1579 1415 λαβών,

346 1434 393 1514 ως
415 1436 447 1502 οἱ
469 1442 620 1502 πλεῖστοι
642 1434 806 1520 γράφουσι
829 1441 901 1501 τῶν
921 1435 1112 1522 Ῥωμαϊκῶν
1135 1438 1362 1522 συγγραφέων,
1398 1433 1473 1501 οἰλλ>
1501 1434 1578 1504 ἀπο-

347 1537 429 1612 δούς
451 1543 492 1620 τῇ
514 1562 548 1603 τε
573 1543 676 1621 βουλῇ
699 1541 753 1604 καὶ
776 1536 944 1625 τῴύήμιμ
966 1539 1029 1622 τὴν
1048 1537 1238 1623 διάγνωσιν,
1261 1539 1289 1604 εἰ
1307 1541 1463 1623 ληπτέον
1488 1535 1578 1618 adad,

348 1640 462 1727 ἐπειδὴ
484 1645 565 1705 πᾶσι
588 1643 806 1725 βουλομένοις
827 1632 879 1727 ἦν,
903 1639 982 1706 τότε
1004 1642 1237 1724 προσεδέξατο.

723 1829 778 1894 [V.
803 1828 984 1894 SERVIUS
1009 1827 1198 1893 TULLIUS.
1230 1850 1232 1856 ·

436 1963 463 2027 l.
487 1964 598 2030 Leues
627 1965 741 2044 (1,42).·
764 1965 1097 2044 Οεοευωείοεθευίῒ,
1130 2001 1171 2010 -—
1203 1966 1321 2029 classes
1345 1967 1575 2047 centuriasque

347 2066 559 2132 eteordinem
578 2085 616 2131 ex
640 2087 737 2132 censu
760 2069 938 2148 descripsit.
972 2103 977 2113 ‹

432 2167 460 2229 2.
484 2168 580 2233 Dion.
604 2168 742 2250 (4,15).·3
771 2172 823 2252 τῷ
846 2169 882 2233 δὲ
904 2168 948 2253 μὴ
971 2169 1181 2253 τιμησαμένῳ
1204 2170 1369 2252 τιμωρίαν
1395 2162 1500 2254 ὥρισε
1523 2172 1575 2254 τῆς

346 2293 381 2334 τε
406 2265 522 2346 οὐσίας
544 2271 732 2353 στέρεσθαι,
755 2273 810 2334 καὶ
834 2265 941 2336 αὐτὸν
958 2271 1217 2354 μαστιγωθέντα
1239 2275 1429 2356 πραθῆναι.

431 2370 460 2434 3.
483 2374 584 2436 Dion.
612 2372 756 2454 (ι1,22).·4
792 2370 825 2437 ‘0
853 2372 890 2436 de
924 2370 1062 2447 Τύλλιος
1087 2370 1144 2436 καὶ
1173 2384 1245 2447 τοῖς
1274 2371 1574 2458 ἐλευθερουμένοις
1622 2397 1623 2426 i

345 2481 418 2540 τῶν
435 2471 720 2560 θεραπόντων-
738 2475 889 2559 μετέχειν·
907 2479 966 2558 τῆς
982 2473 1205 2549 ἰσοπολιτείας
1220 2473 1395 2557 ἐπέτρεψε.
1421 2473 1574 2547 κελεύσεις

345 2577 407 2662 γὰρ
432 2570 498 2662 ἅμα
521 2587 593 2652 τοῖς
616 2571 728 2652 ἄλλοις
751 2568 878 2640 ἅπασιν
905 2575 1095 2659 ἐλευθέροις
1121 2577 1176 2640 καὶ
1203 2571 1348 2652 τούτους
1370 2576 1571 2664 τιμήσασθαι

345 2679 407 2756 τὰς
439 2676 569 2756 οέσὶας,
601 2679 647 2754 εἰς
678 2675 785 2759 φυλὰς
815 2678 996 2756 κατέταξεν
1027 2673 1152 2764 αύτούς
1175 2676 1235 2752 τὰς
1258 2676 1344 2742 κατὰ
1376 2678 1446 2764 τὴν
1478 2677 1572 2744 πόλιν

345 2781 509 2864 τέτταρας
547 2778 777 2864 ὑπαρχούσας,
812 2815 853 2824 -
891 2781 946 2843 καὶ
977 2777 1121 2843 πάντων
1152 2776 1305 2844 ἀπέδωκε
1338 2783 1414 2845 τῶν
1447 2783 1570 2846 κοινῶν

345 2878 461 2957 αὐτοῖς
482 2883 639 2965 μετέχειν,
663 2872 712 2945 οἷν
735 2895 807 2956 τοῖς
830 2875 942 2956 ἄλλοις
964 2881 1165 2966 δημοτικοῖς.

429 2981 458 3048 4.
490 2984 586 3061 Diem.
609 2983 747 3066 (4,13).·5
773 2982 854 3058 τοὺς
879 2979 1002 3066 νόμους
1024 2980 1105 3058 τούς
1132 3007 1167 3046 τε
1199 2982 1490 3059 συναλλακτικοὺς
1521 2983 1567 3047 καὶ
1621 2957 1622 3037 λ

344 3084 425 3162 τούς
448 3086 617 3168 περὶτῶν
641 3081 858 3170 ἀδικημάτων
888 3082 1077 3168 έπεκέρωσε
1111 3095 1185 3159 ταῖς
1215 3080 1395 3165 φράτραις·
1425 3076 1512 3171 ἦσαν
1538 3085 1567 3149 di

342 3184 559 3272 moverirnoveri
581 3211 649 3253 που
670 3184 813 3271 μάλιστα
835 3186 898 3253 τὸν
920 3181 1078 3271 αἰριθμόν.

294 3389 296 3393 ’
383 3372 436 3452 'll
455 3390 496 3444 of.
514 3391 574 3444 Le'o.
592 3395 617 3453 1,
639 3394 680 3443 35.
699 3390 781 3444 Dion.
808 3396 833 3449 3,
858 3393 899 3443 67.
935 3420 968 3428 -=·
1003 3390 1028 3450 2)
1057 3389 1162 3457 <Legati
1189 3387 1358 3441 Etruscorum
1389 3390 1506 3444 aderant
1533 3390 1565 3441 in·

341 3473 430 3549 signia
446 3474 559 3542 imperii,
586 3475 681 3543 quibus
707 3475 759 3543 ipsi
785 3491 861 3540 reges
880 3491 939 3527 suos
957 3473 1096 3536 ornabant,
1124 3475 1273 3540 portantes,
1301 3487 1427 3528 eoronam
1455 3490 1565 3534 auream,

340 3559 433 3612 sellam
461 3559 616 3626 eburneam,
644 3563 776 3626 sceptrum
794 3559 885 3627 aquila
911 3563 1045 3624 ornatum,
1072 3558 1189 3612 tunicam
1217 3573 1378 3625 purpuream
1398 3575 1482 3613 aureo
1500 3560 1565 3612 claro

340 3633 517 3710 praetextam,
544 3647 636 3710 tegam
665 3659 822 3712 purpuream
848 3644 954 3711 pictam.
991 3643 1019 3696 T.
1042 3645 1132 3696 tamen
1159 3643 1201 3696 his
1224 3641 1365 3695 honoribus
1389 3660 1444 3697 non
1478 3644 1564 3697 statim

339 3743 402 3780 usus
436 3730 491 3794 est,
526 3733 557 3782 ut
589 3729 705 3797 plerique
742 3729 898 3794 scriptorum
934 3728 1000 3780 Rom
1045 3727 1176 3789 scribunt,
1208 3726 1254 3780 sed
1284 3729 1394 3781 senatus
1428 3730 1563 3798 populique

340 3811 453 3872 arbitrio
469 3814 639 3880 permittens,
658 3831 693 3867 an
710 3813 852 3880 recipiendi
870 3812 981 3866 honores
1000 3815 1096 3874 essent,
1115 3815 1174 3866 tum
1192 3811 1296 3864 demum
1315 3828 1376 3865 cum
1395 3830 1490 3867 omnes
1508 3829 1561 3866 een·
1619 3875 1620 3878 χ

340 3895 498 3962 sensissent,
525 3914 567 3950 eos
590 3899 712 3965 aceepit.)
738 3898 829 3950 Etiam
846 3897 898 3950 Xll
924 3898 1029 3950 lictores
1047 3897 1123 3950 Dion.
1147 3897 1190 3949 hie
1208 3897 1303 3958 refert,
1322 3913 1388 3964 quos
1408 3897 1465 3951 iam
1484 3915 1500 3952 a
1517 3897 1561 3950 Ro·
1619 3881 1620 3901 ¹

342 3980 416 4032 mulo
435 3984 553 4048 sumptos
571 3982 632 4034 Isia.
650 3987 674 4044 1,
692 3986 711 4034 8
728 3988 752 4034 et
769 3981 843 4035 Plut.
859 3981 937 4035 Reus.
947 3985 984 4035 26
997 3981 1116 4034 tradunt.
1136 3979 1303 4042 ClRulan,
1319 3979 1354 4035 R.
1372 3981 1560 4050 Verfi396r

339 4064 367 4128 3)
389 4063 514 4126 (incensis
537 4082 647 4132 poenam
669 4068 822 4129 constituit,
846 4067 921 4120 bouis
944 4067 1041 4133 privari
1064 4069 1091 4119 et
1110 4066 1193 4133 virgis
1211 4081 1299 4118 eaesos
1317 4081 1417 4119 venum
1437 4068 1515 4134 dari.)
1531 4095 1560 4104 —

339 4148 365 4210 4)
384 4148 462 4213 (Tull.
481 4151 562 4202 servis
580 4151 747 4204 manumissis
769 4152 907 4204 civitatem
930 4150 1041 4218 adipisci
1059 4151 1200 4213 eoncessit;
1225 4149 1317 4202 iubens
1340 4152 1414 4204 enim
1434 4169 1488 4206 uua
1506 4167 1558 4204 cum

339 4233 462 4299 ingenuis
482 4233 603 4286 omnibus
622 4235 703 4288 etiam
722 4236 830 4288 libertos
848 4237 962 4302 censeri,
985 4237 1012 4288 in
1038 4239 1152 4304 quatuor
1170 4234 1256 4288 tribus
1274 4233 1391 4292 urbanas
1411 4253 1457 4289 ees
1476 4236 1559 4290 distri·
1618 4289 1619 4308 χ

260 4389 262 4395 Α
339 4316 408 4382 buit,
425 4347 459 4356 -
477 4333 572 4386 eosque
590 4317 623 4370 ad
642 4319 728 4372 omnia
746 4320 853 4386 publiea
871 4321 960 4374 munia
978 4337 1060 4389 aeque
1079 4319 1187 4374 admisit
1206 4335 1236 4372 ae
1253 4321 1356 4372 eeteros
1374 4321 1514 4389 plebeios.)
1531 4347 1558 4358 —
1618 4313 1619 4331 ¹

333 4401 365 4460 e)
384 4399 465 4466 (leges
492 4418 551 4456 cum
577 4401 609 4456 de
636 4403 815 4456 contractibus
841 4407 900 4456 tum
927 4404 959 4458 de
986 4405 1090 4459 delictis
1117 4403 1152 4458 ad
1171 4395 1346 4468 eurias'tulit,
1376 4409 1456 4460 erant
1474 4409 1557 4460 autem

319 4532 321 4537 .
339 4499 447 4538 numero
465 4491 495 4537 ut
513 4487 656 4553 plurimum
675 4486 885 4554 quinquagintal
896 4518 928 4526 -
