3296 5370
538 312 540 316 Ι
605 357 699 411 Edicta
715 356 851 412 aedilium.
1279 358 1361 422 167'

511 529 552 594 ll.
589 529 726 594 Edicta
750 528 964 602 aedilium.¹

204 650 229 712 l.
272 649 337 730 (De
358 647 584 729 mancipiis.)
613 645 674 724 Qui
697 647 859 727 mancipia
876 648 1026 728 vendunt,
1049 650 1202 714 certiores
1220 647 1340 713 faciant

115 750 306 832 emptores,²
329 751 407 831 quid
429 749 532 814 morbi
555 749 666 812 vitiive
690 750 806 830 cuique
830 749 882 829 sit,
906 750 978 830 quis
998 748 1152 834 fugitivus
1168 769 1279 815 errove
1298 752 1340 815 sit

116 870 238 916 noxave
261 852 387 916 solutus
408 869 471 914 non
489 851 544 930 sit,
568 851 748 932 eademque·
763 851 879 929 omnia,
903 867 975 914 eum
1001 869 1039 915 θα
1065 852 1226 931 mancipia
1252 851 1341 916 veni·

117 955 209 1028 bunt,
230 953 338 1034 palam
361 957 449 1016 recte
471 953 710 1032 pronuntianto.
765 949 884 1026 Quodsi
914 952 1104 1033 mancipium
1127 953 1280 1018 adversus
1301 971 1340 1016 θα

118 1055 260 1119 venisset
297 1055 362 1119 sive
396 1055 549 1118 adversus
582 1054 666 1136 quod
698 1054 820 1117 dietum
854 1054 1086 1132 promissumve
1117 1052 1232 1134 fuerit,
1267 1071 1341 1118 eum

118 1153 389 1236 veniretfuisset:
406 1155 489 1236 quod
513 1155 583 1219 eius
605 1155 767 1235 praestari
790 1159 940 1234 oportere
964 1155 1099 1236 dicetur,
1120 1155 1257 1236 emptori
1275 1173 1341 1219 om-

117 1259 287 1338 nibusque,
311 1258 353 1321 ad
376 1275 454 1338 quos
477 1275 515 1322 ea
538 1276 590 1322 res
613 1258 764 1338 pertinet,
787 1257 943 1322 iudicium
966 1257 1123 1339 dabimus,
1146 1263 1184 1322 ut
1202 1257 1235 1324 id
1252 1275 1341 1322 man·

117 1361 238 1441 cipium
260 1358 480 1425 redhibeatur.

207 1460 238 1524 Si
250 1460 327 1542 quid
345 1465 455 1524 autem
477 1465 550 1541 post
560 1459 776 1523 venditionem
800 1460 1073 1542 traditionemque
1092 1461 1236 1526 deterius
1254 1477 1341 1540 emp-

117 1563 198 1627 toris
220 1580 333 1643 opera,
366 1559 507 1626 familiae
526 1562 785 1642 procuratorisve
808 1562 887 1642 eius,
913 1560 1035 1626 factum
1058 1564 1135 1642 crit;
1167 1563 1235 1626 sive
1264 1562 1342 1644 quid

117 1683 156 1728 ex
179 1681 215 1727 eo
238 1668 312 1743 post
333 1663 548 1728 venditionem
567 1669 680 1728 natum
700 1663 899 1744 adquisitum
917 1662 1031 1744 fuerit;
1056 1670 1088 1732 et
1111 1665 1233 1746 siquid
1253 1664 1341 1729 aliud

117 1766 151 1830 in
176 1765 358 1830 venditione
381 1766 410 1828 ei
434 1766 615 1845 accesserit,
640 1766 706 1829 sive
729 1765 867 1845 quidex
890 1783 928 1830 ea
957 1785 992 1830 re
1010 1765 1135 1832 fructus
1158 1766 1342 1847 pervenerit
1403 1772 1405 1776 ’

117 1868 373 1948 ademptorem:
405 1873 442 1930 ut
464 1885 504 1932 ea
526 1867 632 1932 omnia
655 1867 823 1932 restituat.
868 1868 966 1947 Item,
994 1869 1021 1932 si
1044 1886 1122 1949 quas
1145 1869 1341 1934 accessiones

117 1970 188 2050 ipse
210 1968 420 2048 praestiterit,
444 1975 481 2032 ut
503 1969 647 2049 recipiat.

205 2070 287 2134 ltem
310 2070 438 2150 siquod
455 2070 652 2152 mancipium
671 2071 844 2152 capitalem
862 2069 1009 2135 fraudem
1031 2070 1208 2148 admiserit,
1230 2071 1342 2136 mortis

118 2173 364 2252 consciscendae
392 2172 454 2237 sibi
484 2190 580 2236 causa
610 2173 687 2254 quid
719 2171 848 2251 iecerit,
880 2173 953 2238 inve
980 2190 1110 2236 arenam
1137 2172 1343 2254 depugnandi

117 2291 218 2338 causa
248 2273 288 2336 ad
311 2273 432 2338 bestias
456 2273 657 2338 intromissus
679 2272 796 2338 fuerit:
830 2292 867 2338 ea
886 2275 993 2338 omnia
1015 2274 1049 2338 in
1067 2274 1251 2340 venditione
1269 2291 1342 2356 pro·
1412 2280 1417 2288 '

116 2375 305 2439 nuntiante:
338 2393 375 2440 ex
406 2375 456 2439 his
484 2375 568 2439 enim
592 2376 699 2440 causis
722 2375 874 2440 iudicium
899 2375 1055 2441 dabimus.
1100 2375 1169 2440 Hoc
1192 2374 1341 2455 amplius,

118 2476 146 2541 si
169 2477 241 2557 quis
265 2477 420 2542 adversus
443 2495 481 2541 ca
503 2477 607 2542 sciens
630 2477 703 2542 dolo
726 2476 809 2541 malo
831 2477 1013 2542 vendidisse
1032 2477 1166 2557 dicetur,
1189 2476 1343 2542 iudicium

118 2561 649 2660 mmsmmnmp

201 2678 252 2759 (Si
271 2686 445 2762 emptorem
463 2680 577 2760 omitia,
597 2701 677 2763 quae
691 2701 791 2763 sopra
812 2681 1033 2762 scriptumne,
1049 2680 1213 2764 praestet)
1231 2726 1239 2742 .
1257 2730 1263 2746 .
1283 2731 1290 2744 .
1310 2685 1342 2746 et

117 2787 242 2862 quauta
269 2783 407 2863 pecunia
434 2801 492 2864 pro
516 2802 553 2847 eo
576 2783 704 2848 homine
732 2782 839 2846 soluta
862 2783 1093 2848 accessionisve
1116 2784 1243 2848 nomine
1266 2783 1342 2847 data

118 2884 193 2962 erit,
213 2902 275 2947 non
287 2885 450 2965 reddetur,
471 2886 602 2950 cuiusve
619 2885 774 2966 pecuniae
794 2885 866 2966 quis
886 2885 1067 2950 eonomine
1087 2885 1250 2966 obligatus
1270 2885 1342 2964 erit,

122 3003 184 3046 non
196 2984 398 3065 liberabitur,
409 3037 416 3050 .
427 3037 433 3050 .
446 3037 453 3050 .
468 2985 708 3069 (condemnatio
730 2985 770 3049 i't
793 2987 909 3068 quanti
931 3004 970 3050 ea
988 3005 1040 3050 res
1058 2988 1120 3050 erit
1138 2987 1171 3051 in
1187 2985 1343 3068 duplum.)

119 3083 405 3166 dimam)

205 3185 234 3251 2.
278 3184 337 3270 (De
352 3187 520 3269 inmeritis).
551 3187 613 3264 Qui
632 3190 778 3252 iumenta
796 3188 947 3260 vendunt,
970 3188 1076 3266 palam
1094 3192 1182 3252 reete
1201 3187 1341 3268 dicunto,
1399 3253 1403 3259 ,

10 3335 14 3342 .
121 3290 199 3370 quid
223 3290 256 3354 in
290 3307 417 3370 quoque
449 3308 557 3354 corum
579 3291 685 3354 morbi
707 3290 840 3371 vitiique
863 3289 919 3367 sit;
948 3289 1061 3369 utique
1086 3289 1206 3369 optime
1229 3294 1343 3354 omata

120 3391 283 3456 vendendi
306 3410 406 3456 causa
428 3390 563 3471 fuerint,
586 3393 634 3456 ita
662 3391 860 3472 emptoribus
887 3391 1070 3454 tradentur.
1114 3389 1149 3453 Si
1185 3391 1263 3471 quid
1296 3391 1343 3455 ita

118 3494 242 3558 factum
257 3511 320 3557 non
340 3493 410 3571 erit,
434 3493 473 3557 de
497 3492 695 3557 ornamentis
714 3492 936 3570 restituendis,
961 3491 1152 3556 iumentisve
1175 3509 1341 3555 ornamen-

118 3600 225 3659 torum
241 3595 592 3674 nomineredhibendis,
613 3593 769 3659 indiebus
788 3595 969 3674 sexaginta;
988 3591 1091 3658 morbi
1111 3597 1221 3656 autem
1231 3593 1343 3657 vitiive

118 3716 217 3762 causa
247 3697 399 3778 inemptis
421 3695 587 3770 iaciendis,
620 3697 652 3760 in
676 3714 730 3760 sex
752 3695 930 3775 mensibus;
953 3695 1004 3759 vel
1023 3712 1087 3778 quo
1104 3693 1247 3776 minoris,
1267 3695 1341 3760 cum

117 3801 274 3879 venirent,
291 3798 426 3877 fuerint,
450 3799 483 3864 in
507 3817 589 3864 anno
613 3798 768 3864 iudicium
792 3797 951 3864 dabimus.

204 3900 237 3966 Si
266 3902 412 3966 iumenta
444 3902 534 3982 paria
565 3901 660 3966 simul
682 3901 856 3979 venierint,
888 3905 920 3964 et
950 3899 1086 3964 alterum
1115 3899 1148 3962 in
1179 3918 1217 3963 θα
1245 3916 1343 3986 eausa

116 4002 224 4082 fuerit,
240 4009 277 4067 ut
292 4003 454 4068 redhiberi
478 4003 605 4082 debeat,
629 4003 784 4066 iudicium
806 4002 963 4081 dabimus
988 4019 1051 4082 quo
1074 4005 1248 4082 utrumque
1270 3999 1344 4063 red-

116 4105 277 4170 hibeatur.
324 4105 353 4184 (l.
376 4105 396 4168 i.
421 4109 463 4169 38
481 4106 549 4188 pc.)
709 4101 710 4104 ’

189 4245 211 4304 1)
224 4239 254 4292 Ε
268 4238 478 4308 Dip.21‚1,ubi
496 4255 527 4292 ex
544 4237 653 4306 Ulpiani
671 4237 747 4291 libris
766 4238 792 4292 11
810 4237 845 4290 ad
862 4237 902 4292 ed.
921 4237 979 4292 aed.
997 4253 1050 4290 eur.
1069 4238 1175 4304 recepta
1192 4229 1263 4290 sunt.
1275 4236 1343 4299 -il

117 4323 259 4378 Exordium
283 4324 365 4378 edicti
393 4324 463 4391 apud
486 4323 553 4378 Geli.
576 4327 601 4385 4,
624 4326 643 4376 2
665 4323 706 4391 ita
722 4322 850 4378 'refertum
884 4321 992 4376 ‘titulus
1014 4335 1148 4374 servornm
1179 4321 1344 4390 singulorum

118 4409 232 4477 scriptus
251 4410 288 4463 sit
306 4414 399 4463 curato
420 4411 469 4473 ito,
487 4412 518 4464 ut
536 4408 661 4477 intellegi
678 4411 750 4462 reete
768 4410 860 4488 possit,
878 4407 951 4477 quid'
969 4407 1015 4461 rel.
