3328 5356
658 385 762 470 Festus.
1267 422 1331 486 255

101 591 378 655 Possessiones
398 588 608 670 appellantur
624 588 695 669 agri
718 587 784 652 late
807 589 972 668 patentes¹
995 590 1116 670 publici
1134 593 1329 676 privatique,

9 765 10 768 Ἴ
101 694 157 774 qul
179 711 242 758 non
265 692 502 771 mancipatione
525 690 582 754 sed
605 708 667 754 usu
690 691 898 770 tenebantur,
922 696 955 755 et
977 697 1014 756 ut
1036 693 1170 774 quisque
1192 714 1329 776 occupa-

101 799 204 874 verat,
230 793 431 859 collidebat.2
475 791 513 854 F.
535 793 613 856 241.

100 895 395 960 Postliminium
416 898 630 976 receptum
654 891 768 957 Gallus
792 893 1071 959 Aeliusinlib.1
1095 893 1212 975 signif,
1244 915 1328 978 quae

99 998 142 1063 ad
165 999 216 1062 ius
239 997 414 1078 pertinent,
433 997 480 1060 ait
502 1013 572 1059 esse
592 1013 676 1074 eum,
700 995 756 1077 qui
774 995 865 1075 liber,
888 1013 928 1060 ex
946 1012 1012 1076 qua
1030 996 1162 1061 civitate
1180 997 1213 1060 in
1232 999 1329 1062 aliam

101 1099 266 1162 civitatem
290 1097 430 1176 abierat,
462 1098 494 1160 in
518 1097 653 1162 eandem
677 1097 843 1161 civitatem
866 1098 952 1162 redit
974 1117 1012 1163 eo
1034 1099 1116 1178 iure,
1148 1099 1233 1180 quod
1256 1117 1330 1163 con-

101 1201 254 1264 stitutum
279 1203 328 1262 est
350 1199 389 1262 de
421 1197 630 1278 postliminis;
662 1199 741 1262 item
764 1199 822 1279 qui
844 1216 953 1274 servos
975 1217 995 1262 a
1017 1199 1110 1266 nobis
1132 1199 1166 1264 in
1188 1199 1330 1265 hostium

100 1304 296 1382 potestatem
320 1299 474 1379 pervenit,
498 1305 613 1380 postea
635 1299 676 1364 ad
695 1318 752 1364 nos
771 1300 857 1364 redit
874 1301 908 1363 in
926 1301 996 1365 eius
1010 1305 1218 1382 potestatem,
1237 1301 1329 1366 ouius

101 1408 199 1466 antea
222 1400 293 1481 fuit,
316 1402 387 1464 iure
401 1401 593 1482 postlimini,
618 1402 692 1482 equi
715 1406 749 1465 et
771 1401 850 1465 muli
873 1407 907 1465 et
929 1402 1020 1467 navis
1038 1403 1152 1467 eadem
1175 1403 1260 1468 ratio
1279 1408 1329 1468 est

103 1503 334 1586 postliminium
353 1501 564 1582 receptionis³
583 1521 665 1584 quae
684 1503 777 1580 serui.
816 1501 907 1579 Quae
927 1521 1046 1585 genera
1063 1522 1171 1568 rerum
1191 1505 1232 1570 ab
1255 1503 1328 1568 hos-

102 1605 190 1669 tibus
213 1605 254 1668 ad
276 1623 335 1669 nos
358 1605 592 1684 postliminium
615 1604 762 1683 redeunt,
785 1605 898 1675 eadem
921 1623 1041 1686 genera
1063 1623 1172 1670 rerum
1195 1605 1328 1670 anobis

101 1707 144 1772 ad
167 1706 269 1772 hostis
292 1706 399 1770 redire
421 1710 567 1787 possunt.
613 1704 693 1770 Cum
721 1706 848 1786 populis
870 1707 981 1772 liberis
1004 1711 1038 1769 et
1061 1725 1133 1771 cum
1155 1705 1329 1772 foederatis

97 1813 131 1872 et
163 1827 236 1874 cum
269 1808 401 1888 regibus
431 1807 666 1887 postliminium
697 1807 789 1872 nobis
822 1812 871 1872 est
893 1807 959 1887 ita,
991 1809 1041 1872 uti
1070 1827 1142 1872 cum
1164 1809 1326 1882 hostibus;

95 1927 180 1990 quae
202 1909 351 1973 nationes
374 1909 405 1972 in
428 1909 555 1974 dicione
576 1914 688 1974 nostra
711 1914 804 1988 sunt,
828 1926 900 1972 curn
922 1909 973 1974 bis
997 1906 1242 1995 [postliminium
1263 1931 1327 1974 non

96 2008 167 2095 est]
213 2009 250 2074 F.
274 2011 346 2074 218.

96 2110 394 2177 Postliminium
424 2117 606 2192 receptus
630 2111 748 2177 dicitur·
770 2111 807 2190 is,
842 2113 897 2193 qui
920 2117 1013 2176 extra
1035 2113 1161 2192 limina,
1196 2113 1256 2178 hoc
1278 2119 1326 2178 est

96 2213 254 2278 terminos
278 2214 472 2294 provinciae,
497 2219 614 2296 captus
636 2213 753 2294 fuerat,
789 2233 902 2280 rursus
925 2215 966 2278 ad
989 2215 1121 2295 propria
1144 2215 1327 2280 revertitur.

97 2318 134 2380 P.
158 2319 233 2380 219.
607 2375 612 2381 .

97 2418 258 2482 Potitus
291 2419 448 2482 servitute
471 2453 515 2466 -
537 2419 609 2499 qui,
644 2423 681 2482 ut
705 2418 752 2484 ait
775 2418 895 2498 Labeo,
927 2412 1126 2503 servitu[tem
1146 2420 1249 2484 serait.
1271 2417 1327 2500 -]

96 2519 133 2583 F.
158 2523 233 2586 250.

94 2619 213 2698 Praei
218 2626 379 2686 eoturae
398 2639 455 2686 eac
473 2621 728 2702 appellabantur
746 2623 903 2703 initalia,
926 2623 959 2686 in
978 2622 1097 2703 quibus
1120 2626 1152 2687 et
1174 2622 1225 2686 ius
1243 2622 1327 2686 dice-

94 2726 196 2790 batur
219 2728 252 2788 et
274 2723 437 2788 nundinae
459 2724 650 2804 agebantur,
675 2729 708 2788 et
732 2730 802 2790 erat
825 2725 986 2806 quaedam
1009 2722 1327 2806 ea1·umr(es)p(ub·

93 2827 192 2904 lica);
226 2844 329 2907 neque
352 2831 462 2890 tamen
485 2827 697 2908 magistratus
720 2844 794 2892 suos
813 2825 992 2904 habebant3
1024 2826 1058 2890 in
1089 2844 1171 2910 quas
1201 2825 1328 2906 legibus

93 2925 256 3009 praefecti
267 2928 483 2992 mittebantur
502 2929 695 3010 quotanniS,
721 2930 777 3009 qui
795 2930 846 2992 ius
866 2929 1019 2994 dicerent.
1050 2926 1192 3002 Quorum
1208 2944 1326 3008 genera

93 3030 230 3095 luerunt
253 3031 330 3096 duo:
354 3031 505 3110 alterum,
528 3031 561 3094 in
585 3047 665 3111 quas
688 3029 836 3094 solebant
858 3031 906 3094 ire
929 3027 1087 3110 praetecti
1108 3028 1154 3094 IV
1172 3051 1187 3092 e
1205 3028 1328 3092 XXVI-

92 3135 203 3198 virum
226 3151 364 3212 numero,
388 3135 444 3212 qut
466 3132 578 3213 populi
603 3131 754 3212 suffragio
779 3133 882 3196 creati
905 3136 1008 3209 erant,
1033 3131 1068 3194 in
1087 3129 1168 3194 haec
1190 3130 1327 3210 oppida:

92 3235 255 3316 Capuam,
267 3233 394 3314 Cumas,
406 3233 591 3312 Casilinum,
601 3233 806 3312 Volturnum,
820 3233 999 3310 Liternum,
1008 3232 1171 3310 Puteolos,
1181 3232 1326 3303 Acerras,

7 3361 8 3364 ¹
94 3337 293 3415 Suessulam,
312 3335 462 3414 Atellam,
483 3334 661 3412 Calatiam;
683 3335 831 3413 alterum,
850 3335 883 3397 in
903 3351 985 3414 quas
994 3333 1096 3412 ibant,
1107 3351 1185 3414 quos
1195 3338 1327 3414 praetor

7 3487 9 3526 ,
94 3439 244 3503 urbanus
276 3437 446 3517 quotannis
478 3438 510 3501 in
542 3455 690 3518 quaeque
712 3437 783 3501 loca
806 3436 940 3500 miserat
961 3434 1098 3516 legibus,
1129 3439 1166 3498 ut
1188 3434 1326 3513 Fundos,

7 3602 10 3614 ,
96 3539 255 3617 Formias,
288 3537 400 3621 Caere,
424 3537 612 3618 Venafrum,
643 3537 770 3617 Allifas,
793 3537 993 3616 Privernum,
1026 3536 1218 3617 Anagniam,
1246 3535 1327 3599 Fru-
1381 3557 1385 3566 ·

9 3720 11 3730 Ι
98 3641 256 3719 sinonem,
280 3639 391 3718 Reate,
419 3638 612 3719 Saturniam,
636 3639 798 3719 Nursiam,
822 3639 978 3718 Arpinum
1001 3640 1131 3720 aliaque
1153 3637 1329 3718 complura.

8 3770 10 3802 5
95 3741 132 3805 F.
159 3743 235 3806 233.

8 3909 12 3917 ι
96 3877 112 3928 i.
132 3893 157 3932 e.
176 3881 218 3929 ‘ex
238 3875 296 3928 iure
315 3875 498 3941 Quitritium)'.
518 3903 549 3912 -
569 3875 595 3937 5)
614 3876 644 3928 ln
662 3875 700 3928 D.
718 3879 759 3940 43,
777 3877 819 3938 17,
837 3879 865 3928 1:
893 3873 950 3926 ‘Uti
968 3889 1013 3926 eas
1031 3873 1126 3926 aedes'.
1145 3901 1178 3912 -
1195 3875 1223 3936 6)
1241 3873 1274 3925 ln
1291 3873 1330 3926 D.

95 3962 112 4014 l.
132 3979 155 4016 c.
174 3963 206 4016 et
224 3961 287 4014 Gai.
305 3965 330 4028 4,
348 3965 415 4014 160:
433 3960 582 4028 ‘quominus
600 3961 656 4014 ita'.

166 4049 192 4112 1)
212 4046 287 4099 Ptin.
310 4047 370 4099 bist.
393 4051 450 4098 nat.
472 4049 515 4108 18,
542 4049 567 4112 6,
590 4049 637 4099 35:
663 4045 831 4100 ‘Latifundia
849 4043 987 4112 perdidere
1005 4043 1128 4110 Italiam,
1152 4044 1205 4098 iam
1223 4059 1283 4096 vero
1301 4048 1328 4098 et

95 4132 256 4199 provincias.
294 4132 345 4184 Sex
364 4130 463 4183 domini
481 4130 617 4184 semissem
637 4131 739 4184 Africae
757 4129 938 4198 possidebant,
962 4145 1021 4182 cum
1039 4128 1177 4184 interfecit
1195 4144 1238 4183 eos
1259 4128 1330 4184 Nero

7 4271 15 4283 Η
95 4218 239 4286 princeps'.
277 4216 330 4270 cto.
349 4215 381 4268 de
399 4215 443 4280 off.
462 4220 489 4277 2,
508 4219 558 4270 21:
576 4215 726 4284 ‘Philippus
744 4246 786 4278 -‚
805 4231 865 4267 cnm
881 4218 969 4280 legem
987 4213 1122 4280 agrariam
1140 4214 1231 4280 ferret,
1249 4243 1282 4252 -
1300 4215 1329 4267 in

95 4302 205 4369 agendo
224 4302 312 4355 multa
330 4299 508 4370 populariter,
531 4303 589 4353 tum
607 4299 675 4352 illud
693 4300 773 4353 male:
801 4315 853 4352 non
871 4298 973 4352 esseio
991 4296 1102 4350 civitate
1121 4297 1172 4351 duo
1190 4297 1265 4350 milia
1283 4297 1329 4351 ho-

8 4369 16 4448 f
95 4389 214 4448 minum,
240 4387 286 4456 qui
311 4402 365 4440 rem
389 4385 536 4440 baberent'.
561 4415 595 4424 —
617 4386 646 4453 2)
669 4385 727 4439 Urs.
751 4379 929 4452 possidebat.
966 4381 1042 4437 luteo.
1061 4381 1191 4438 colebat.
1210 4383 1241 4436 cf.
1260 4383 1327 4437 laid.

7 4447 17 4556 ἶ,
94 4477 163 4544 υνιῃ.
183 4475 331 4540 15,13,3.
350 4503 384 4512 -
401 4471 428 4530 3)
446 4475 589 4541 ‘receptum
608 4471 647 4525 is'.
