3296 5370
354 471 421 552 Ι178
710 544 713 550 ¹
786 467 931 536 Pririlegia
952 467 1145 520 veteranorum.

359 638 486 724 (natus)
506 638 511 723 Ι
530 627 604 719 iiii,
626 639 816 718 veteranis,¹
845 638 901 719 qui
923 635 1163 702 militaverunt²
1188 637 1223 702 in
1242 634 1249 720 Ι
1268 636 1376 702 classe
1406 637 1579 702 Ravennae

325 756 349 809 5.
360 745 420 809 sub
444 738 571 825 Sex(t0)
599 740 724 806 Lucilio
755 739 866 818 Basso,
883 737 893 820 ΙΙ
911 739 966 820 qui
995 756 1074 804 sena
1104 743 1139 802 et
1168 738 1305 804 vicena³
1332 738 1510 819 stipendia
1539 745 1579 802 aut

359 845 451 926 plura
472 842 476 928 Ι
497 846 685 908 meruerunt
700 846 733 905 et
750 846 827 906 sunt
842 840 973 906 deducti
991 840 1025 904 in
1043 839 1286 922 Pannolniam,⁴
1301 858 1447 921 quorum
1466 841 1579 904 nomina

361 946 545 1027 subscripta
565 943 569 1028 Ι
589 949 675 1022 sunt,
693 943 772 1023 ipsis
789 941 900 1008 liberis
917 942 1121 1023 posterisque
1136 940 1279 1024 eorum⁶l
1296 941 1492 1006 civitatem⁶
1508 941 1579 1004 dedit

274 1060 345 1127 11,1.
359 1054 392 1111 et
424 1046 599 1112 conubium
630 1063 703 1110 cum
719 1041 731 1127 ΙΙ
746 1044 915 1118 uxoribus,
951 1061 1034 1124 quas
1065 1047 1144 1106 tunc
1174 1042 1388 1118 habuissent,
1430 1061 1503 1108 cum
1523 1039 1527 1125 Ι
1544 1055 1579 1106 est

359 1148 474 1213 civitas
496 1147 524 1212 is
547 1147 636 1224 data,
666 1149 723 1210 aut
745 1145 772 1210 si
795 1144 850 1226 qui
873 1141 1038 1227 caelibes!
1058 1148 1166 1208 essent
1186 1160 1260 1208 cum
1282 1144 1337 1223 iis,
1366 1162 1460 1224 quas
1483 1149 1579 1222 postca

325 1266 348 1317 s.
361 1251 540 1327 duxissent,
565 1246 571 1331 Ι
594 1248 765 1312 dumtaxat
798 1244 934 1326 singuhs
970 1245 1124 1326 singulas
1175 1243 1256 1309 Non.
1288 1245 1397 1326 April.
1415 1244 1428 1327 ΙΙ
1446 1243 1579 1310 Caesare.

360 1349 532 1444 Aug(usti)
554 1347 662 1432 l(ilio),
686 1347 880 1426 Domitiano,
904 1345 959 1412 On.
982 1346 1081 1412 Pedio
1105 1344 1204 1411 Gasco
1227 1345 1332 1430 cos.⁷l
1428 1379 1433 1386 ·

361 1539 432 1588 sunt.
466 1531 509 1586 Ad
526 1532 697 1598 imperatores
715 1529 821 1600 quidem
839 1530 976 1598 pertinent
994 1528 1133 1584 aclaudio
1147 1529 1578 1599 usqueadDiocletianum,tameo

361 1618 478 1673 eiusdem
495 1616 550 1670 iere
565 1617 660 1668 cuncta
674 1615 738 1668 sunt
759 1614 912 1681 argumenti
929 1612 1074 1682 iisdemque
1088 1617 1215 1682 concepta
1229 1613 1361 1668 formulis.
1402 1613 1576 1669 Gravissimum

362 1702 501 1755 discrimen
519 1700 547 1752 ln
565 1715 595 1752 eo
613 1700 663 1762 est,
680 1701 769 1751 utrum
787 1698 919 1751 militibus
928 1698 1075 1766 peregrinis
1087 1714 1121 1751 an
1131 1698 1232 1752 civibus
1245 1699 1300 1751 siut
1309 1700 1391 1762 data,
1401 1715 1458 1768 qua
1468 1697 1499 1752 de
1516 1714 1576 1750 causa

361 1788 500 1854 utriusque
518 1785 623 1854 generis
641 1784 789 1851 exemplum
807 1785 944 1851 integrum
962 1784 1099 1850 proposui,
1122 1783 1236 1836 minores
1258 1785 1352 1836 autem
1380 1782 1542 1837 differentias
1555 1782 1572 1833 in

362 1872 433 1925 notis
456 1869 547 1923 adieci.
574 1899 608 1907 —
634 1867 715 1922 Edita
732 1871 795 1922 sunt
813 1871 892 1936 prout
909 1870 1014 1936 reperta
1031 1870 1108 1930 sunt;
1132 1867 1315 1922 collectionem
1334 1867 1430 1921 edidit
1448 1870 1507 1936 post
1525 1865 1574 1917 alios

362 1955 552 2024 plenissimam·
572 1958 599 2007 et
625 1953 866 2016 accuratissimam,
893 1953 1083 2006 commentario
1109 1953 1197 2006 totam
1218 1967 1273 2006 rem
1296 1953 1461 2006 illustrante
1484 1949 1572 2003 adiecto.

363 2040 420 2094 Mo.
439 2040 467 2091 in
487 2038 515 2092 0.
533 2039 558 2091 I.
576 2038 610 2093 L.
627 2041 652 2104 3,
669 2041 696 2092 2.
715 2040 862 2092 843-919.
883 2066 915 2074 -
933 2037 958 2100 7)
976 2037 998 2089 Ε
1016 2037 1044 2089 lI
1067 2000 1176 2090 tabellis
1194 2037 1283 2090 aeneis
1300 2036 1329 2090 in
1347 2037 1441 2091 forma
1465 2033 1571 2102 diptychi

361 2125 549 2194 quaeSalonae
568 2139 636 2177 saec.
645 2121 710 2175 XVI
728 2126 847 2189 repertae
865 2120 944 2174 hodie
957 2121 1076 2174 Berolini
1093 2121 1120 2174 iu
1136 2120 1299 2174 bibliotheca
1312 2121 1393 2188 regia
1411 2120 1572 2180 adservantur,

364 2210 407 2264 ubi
424 2207 482 2277 ipse
500 2224 545 2260 eas
564 2207 704 2274 descripsi,
727 2222 785 2259 cum
803 2208 866 2258 ante
889 2205 1030 2258 secundam
1052 2205 1131 2258 huius
1148 2205 1211 2258 libri
1234 2204 1384 2258 editionem
1408 2206 1467 2259 sine
1489 2201 1569 2255 mendis

361 2293 477 2348 nondum
495 2295 584 2347 essent
602 2291 698 2362 editae.
734 2290 810 2344 Nunc
828 2289 862 2343 cl.
878 2290 935 2344 Mo.
949 2307 980 2358 p.
998 2293 1058 2343 853.
1084 2289 1216 2358 Aequales
1232 2291 1295 2342 sunt
1312 2287 1569 2353 etformaetmagui-

361 2378 463 2434 tudine.
484 2378 610 2443 a.'0,167‚
627 2381 646 2430 l.
665 2376 750 2440 0,128.
786 2376 844 2441 Quo
861 2375 956 2428 melius
974 2374 1161 2442 diptychorum
1178 2374 1262 2428 forma
1280 2376 1402 2442 perspici
1419 2375 1568 2442 possitquae

362 2463 455 2517 eadam
477 2462 532 2514 fere
553 2461 582 2513 in
601 2459 722 2514 omnihus
741 2459 894 2527 diplomatis
913 2462 966 2522 est,
989 2462 1141 2513 accuratam
1160 2459 1298 2526 utriusque
1315 2459 1432 2513 tabulae
1449 2457 1568 2524 imaginem

361 2547 405 2600 hic
423 2545 516 2599 adieci.
551 2544 646 2606 Notae,
665 2543 762 2612 quibus
780 2544 888 2597 litterae
906 2560 933 2607 a,
951 2543 974 2610 b,
992 2559 1013 2608 c,
1031 2543 1050 2596 d
1068 2543 1217 2611 adscriptae
1234 2545 1311 2608 sunt,
1335 2543 1470 2598 foramina
1486 2537 1567 2608 signifi·

362 2630 438 2694 cant,
461 2627 559 2698 quibus
579 2627 688 2681 tabulae
711 2627 858 2695 perforatae
877 2630 948 2681 sunt.
983 2627 1034 2680 Per
1051 2627 1180 2680 foramina
1198 2627 1213 2680 b
1231 2629 1258 2681 et
1275 2625 1295 2680 d
1311 2627 1359 2681 fila
1381 2644 1467 2683 aenea
1482 2628 1503 2692 (c
1517 2627 1538 2678 et
1550 2622 1565 2686 (¹

362 2711 520 2766 transducta
537 2714 608 2776 sunt,
626 2711 722 2779 quibus
740 2711 850 2765 tabulae
867 2712 907 2765 ita
924 2713 1089 2780 copulantur,
1108 2713 1139 2765 ut
1157 2711 1244 2766 libelli
1262 2711 1374 2767 duorum
1395 2713 1511 2768 loliorum
1526 2709 1565 2760 sit?

363 2797 401 2850 lv
418 2797 577 2865 paginarum
594 2798 681 2850 instar
697 2796 765 2848 siut:
789 2797 886 2850 etenim
904 2813 965 2864 pag.
983 2797 1001 2850 2
1018 2800 1046 2851 et
1063 2797 1257 2865 3·scripturam
1274 2798 1452 2867 principalem
1468 2794 1563 2850 eandem

364 2897 415 2949 que
432 2880 585 2933 interiorem
603 2879 749 2948 continent,
767 2896 826 2948 pag.
844 2881 862 2935 4
879 2881 1036 2949 scripturam
1055 2881 1222 2947 exteriorem,
1231 2882 1248 2934 i.
1259 2897 1282 2934 a,
1291 2884 1448 2936 accuratam
1456 2877 1563 2934 inhonoris

364 2965 565 3033 repetitionem,
588 2980 649 3032 pag.
669 2965 684 3017 1
702 2964 914 3033 obsignationem
936 2965 1065 3035 diptychi.
1101 2965 1203 3020 Libello
1227 2965 1330 3020 scilicet
1348 2967 1443 3020 clauso
1458 2981 1500 3033 per
1514 2962 1561 3014 lora·

362 3051 436 3106 mina
453 3066 472 3102 a
489 3051 517 3102 et
535 3049 665 3116 atriplex
683 3049 712 3116 (i,
730 3065 752 3104 e.
771 3050 915 3117 tripliciter
931 3051 1043 3118 tortum)
1067 3050 1144 3104 iilum
1162 3065 1273 3104 aeneum
1293 3051 1520 3106 transducebatnr,
1534 3043 1560 3095 cui

363 3135 488 3202 colligato
510 3134 537 3186 in
556 3149 617 3202 pag.
637 3135 651 3188 l
669 3150 686 3187 a
703 3137 806 3204 septem
824 3135 940 3189 testibus
957 3135 1035 3202 signa
1053 3134 1267 3202 imponebantur,
1284 3136 1439 3190 nominibus
1457 3133 1560 3195 utumque

363 3219 512 3288 adscriptis.
546 3218 612 3274 Cum
634 3219 744 3273 eandem
767 3219 878 3272 formam
902 3219 984 3273 etiam
1009 3220 1037 3272 in
1059 3221 1243 3274 contractuum
1261 3222 1289 3273 et
1306 3222 1519 3274 testamentorum
1533 3217 1558 3263 lu·

362 3304 432 3358 bulis
448 3303 546 3370 ligneis
564 3303 660 3357 ceratis
677 3305 780 3358 veteres
799 3303 1004 3368 observaverint,
1014 3304 1066 3356 nisi
1083 3304 1152 3372 quod
1170 3303 1227 3358 filis
1244 3305 1338 3359 linteis
1352 3301 1557 3358 iniiantcbautur,

363 3387 425 3441 inde
447 3388 599 3442 illustratur
622 3392 696 3441 locus
714 3387 807 3451 Parcit,
825 3394 890 3442 scat.
909 3392 934 3455 5,
951 3391 996 3457 25,
1013 3391 1046 3442 6.·
1063 3387 1134 3442 ‘ordo
1152 3389 1406 3445 decrevitvtabulas
1425 3418 1455 3429 -
1472 3387 1506 3439 ita
1520 3382 1556 3447 sig·

364 3473 431 3535 nari,
449 3475 481 3525 ut
499 3472 527 3525 in
545 3489 649 3526 summa
665 3473 796 3540 marginis
814 3473 849 3527 ad
866 3473 981 3527 mediam
999 3476 1102 3541 partem
1120 3477 1269 3542 perforatae
1283 3475 1385 3542 triplici
1394 3476 1448 3530 lino
1456 3466 1556 3526 constriu-

364 3563 474 3623 gantur,
500 3559 581 3626 atque
604 3557 744 3625 impositae
766 3575 846 3625 supra
867 3558 952 3611 linum
975 3574 1050 3612 cerae
1072 3559 1151 3626 signa
1176 3559 1380 3626 imprimantur,
1407 3561 1438 3613 nt
1462 3547 1555 3609 exarui

364 3641 509 3708 scripturae
526 3641 607 3695 fidem
624 3641 734 3695 interior
751 3643 857 3697 servet?
875 3641 914 3696 of.
933 3641 1006 3696 Suet.
1026 3641 1091 3696 Ner.
1110 3645 1151 3698 17.

433 3727 458 3788 1)
475 3726 508 3778 In
525 3726 586 3780 aliis
603 3725 680 3794 dipL:
699 3726 844 3794 ‘equitibus
864 3729 892 3779 et
909 3726 1052 3794 peditibua'
1072 3727 1114 3781 vel
1132 3727 1294 3782 ‘trierarchis
1316 3731 1344 3782 et
1362 3717 1513 3796 remigibus,⁴
1525 3719 1552 3768 III

364 3811 504 3875 ‘classicis'
527 3811 570 3864 vel
588 3810 661 3864 aliud
678 3811 773 3864 simile.
792 3840 825 3850 -
842 3811 868 3868 tl
886 3810 919 3864 In
936 3811 1008 3864 aliis:
1032 3812 1086 3880 ‘qui
1103 3812 1238 3866 militant'.
1256 3843 1291 3852 -
1307 3814 1337 3882 3)
1356 3813 1389 3867 In
1407 3809 1553 3867 crassitiem

364 3894 501 3946 minantur
517 3894 580 3962 stip.
590 3894 679 3948 XXVI
696 3896 849 3963 (posteriore
859 3897 949 3950 aetate
966 3895 1102 3965 XXVIII),
1120 3897 1149 3950 in
1162 3897 1295 3951 milithus
1312 3897 1477 3953 auxiliarihm
1491 3883 1551 3944 XXV·

364 3977 392 4030 in
410 3978 564 4046 legionariis
573 3979 631 4034 XX.
650 4008 683 4017 -
700 3980 726 4044 4)
745 3980 777 4033 ln
794 3980 856 4034 aliis
873 3981 909 4034 ‘et
931 3981 994 4032 sunt
1011 3979 1114 4034 dimissi
1131 3980 1245 4036 honesta
1257 3983 1399 4048 missione*
1409 3968 1552 4036 vel‘emeritis

365 4069 393 4114 et
417 4061 534 4116 dimissis
557 4061 617 4116 hon.
636 4064 724 4131 miss',
747 4066 789 4119 vel
807 4063 968 4119 coniunctim
986 4081 1044 4118 cum
1062 4066 1247 4134 sequentibus:
1269 4067 1419 4122 ‘honestam
1434 4062 1551 4118 nissiosstffl

365 4147 394 4198 et
411 4147 549 4200 civitatem
566 4147 663 4215 dedit';
685 4148 713 4200 in
730 4149 791 4202 aliis
808 4152 911 4204 autem:
936 4149 989 4219 ‘qui
1007 4150 1135 4214 militant,
1153 4181 1187 4191 -
1204 4153 1270 4206 Item
1289 4152 1406 4207 dimissis
1423 4153 1477 4206 hon.
1492 4136 1549 4196 miss?

366 4257 400 4266 —
418 4232 444 4293 5)
462 4230 495 4283 In
513 4230 574 4284 aliis
591 4230 670 4284 liberi
686 4234 835 4302 posterique
853 4233 943 4288 omissi
960 4237 1032 4298 suut,
1049 4235 1077 4288 iu
1095 4235 1155 4289 aliis
1173 4235 1297 4290 additum
1314 4242 1367 4291 est:
1386 4236 1454 4306 ‘ipsis
1465 4229 1550 4291 ffliisqut

367 4327 463 4377 eorum,
485 4330 549 4381 (1⁰0⁵
572 4316 737 4383 susceperint
760 4334 791 4372 er
814 4318 985 4382 mulieribus,
1007 4333 1071 4387 quas
1093 4335 1180 4373 secum
1203 4336 1234 4373 ex
1256 4337 1380 4376 concessa
1397 4307 1546 4376 consuetudine

367 4395 462 4449 vixisse
471 4397 596 4463 probatae
606 4399 677 4453 siut.'
687 4403 755 4466 -6)
766 4403 796 4456 ln
805 4403 840 4456 al.
850 4401 984 4458 additum:
1003 4403 1096 4467 ‘Rom.,
1106 4404 1152 4472 qui
1162 4420 1250 4458 eorum
1259 4421 1312 4460 nou
1321 4404 1459 4461 haberent'.
1468 4387 1547 4450 ‘illu

368 4479 436 4530 aeris
454 4480 584 4549 scriptura
601 4484 728 4539 exteriore
745 4485 797 4540 duo
813 4486 909 4540 menda
927 4489 999 4550 sunt,
1016 4504 1041 4542 v.
1058 4488 1076 4543 3
1093 4489 1238 4550 ‘vetarauI',
1257 4506 1281 4543 v.
1300 4491 1335 4545 10
1352 4481 1497 4545 ‘connum’-
