3330 5400
381 429 423 493 22
823 403 909 497 Leges
927 427 980 480 XII
998 429 1159 482 tabularum.

468 599 497 665 3.
523 601 628 666 Oitero
650 601 723 684 (top.
739 601 793 684 4.).·
815 620 892 666 usus
908 601 1084 665 auctoritas
1100 597 1191 664 fundi
1209 600 1372 682 biennium
1392 604 1505 680 est,-
1520 606 1591 664 cete-

383 721 492 768 rarum
514 721 622 767 rerum
645 720 686 750 -·-
709 721 835 768 annuus
859 708 909 767 est
926 721 1013 767 usus

467 805 495 868 4.
518 805 621 870 Gaias
647 805 689 886 (1,
714 806 800 887 111):
825 807 897 887 lege
920 803 983 868 XII
1006 805 1073 869 tab.
1103 809 1234 868 cautum
1259 810 1342 883 erat,
1366 805 1394 868 si
1419 823 1484 885 qua
1507 803 1592 868 nollet

383 925 420 970 eo
438 908 531 972 modo
554 907 641 989 (usu)
664 909 696 972 in
720 926 848 972 manum
871 907 979 970 mariti
1003 906 1180 982 convenire,
1202 911 1240 969 ut
1258 907 1434 986 quotannis
1457 906 1593 969 trinoctio

383 1007 510 1073 abesset
529 1013 627 1090 atque
651 1009 698 1073 ita
720 1027 814 1072 usum
838 1009 992 1088 cuiusque
1011 1007 1086 1071 anni
1109 1008 1368 1088 interrumperet.

466 1109 495 1172 5.
527 1131 553 1176 a.
586 1111 619 1175 St
633 1133 681 1183 our
695 1133 724 1174 nr
738 1133 805 1174 runs
819 1133 922 1175 neuun
936 1133 1106 1175 conserturi.
1122 1161 1127 1172 .
1144 1163 1148 1173 .
1163 1155 1205 1160 -
1219 1110 1248 1172 b.
1275 1109 1345 1192 bip.
1360 1109 1501 1174 ntannoi.
1520 1107 1593 1188 (Vnt.

281 1274 283 1283 .
380 1210 423 1291 fr.
441 1214 503 1295 50):
521 1219 554 1277 et
569 1214 836 1295 mancipationem
851 1219 884 1278 et
893 1215 926 1278 in
936 1214 1006 1278 iure
1016 1215 1190 1279 cessionem
1201 1213 1251 1276 lex
1263 1212 1326 1276 XII
1336 1215 1402 1277 tab.
1414 1209 1593 1277 confirmat.l

468 1313 497 1377 6.
524 1316 639 1380 Livius
661 1315 704 1398 (3,
726 1316 793 1398 tib
815 1316 972 1380 Advocati
993 1315 1187 1397 (Virginios)
1211 1350 1252 1360 —
1273 1313 1453 1394 postulant,
1478 1318 1514 1376 ut
1535 1312 1592 1392 (Ap.

384 1416 550 1520 Claudius)
571 1452 613 1464 -
635 1417 706 1499 lege
730 1420 772 1485 ab
794 1419 863 1498 ipso
878 1418 947 1482 lata
964 1418 1121 1482 vindicias
1142 1419 1197 1482 det
1220 1417 1393 1482 secundum
1414 1417 1593 1481 libertatem.

471 1517 497 1583 i.
521 1519 641 1584 Tlencit
655 1543 781 1584 IUNC'I'UM
794 1543 915 1584 AEDIBUS
933 1543 1056 1584 vtnunvn
1070 1543 1105 1583 ΕΤ
1124 1521 1279 1584 concmr²
1292 1541 1328 1581 NE
1343 1541 1471 1582 seuvino.

469 1619 497 1684 8.
527 1621 600 1703 Uip.
619 1622 662 1686 oi
683 1623 728 1687 ei.
751 1622 923 1702 (D.47,3,
944 1629 964 1686 1
983 1623 1064 1706 pr.):
1096 1622 1161 1687 Lex
1184 1622 1247 1686 XII
1269 1623 1334 1686 tab.
1358 1621 1466 1702 neque
1489 1620 1592 1685 solvere

386 1723 547 1802 permittit
578 1725 703 1805 tignum
736 1725 893 1790 furtivum
933 1725 1066 1790 aedibus
1102 1725 1151 1789 vel
1188 1724 1290 1788 vineis
1324 1723 1471 1787 iunctum
1509 1736 1592 1798 neque

387 1861 588 1870 -—---.---.-..

454 1925 478 1977 3.
510 1925 644 1982 Ciceronis
661 1933 731 1983 locus
749 1935 850 1998 integer
867 1934 928 1982 haec
947 1933 1033 1983 babet:
1053 1928 1134 1988 ‘Quod
1153 1932 1180 1982 in
1199 1948 1225 1981 re
1243 1932 1300 1996 pari
1318 1930 1396 1994 valet,
1415 1930 1500 1980 valeat
1513 1929 1539 1978 in
1551 1928 1591 1988 hnc,

387 2022 450 2070 quae
468 2023 515 2071 par
533 2018 578 2072 est,
597 2017 637 2072 ut,
660 2012 782 2074 quoniam
799 2028 860 2060 usus
878 2012 1017 2061 auotoritas
1035 2010 1109 2059 fundi
1129 2010 1263 2060 biennium
1281 2017 1330 2070 est,
1349 2009 1385 2058 sit
1404 2009 1484 2057 etiarn
1503 2005 1590 2055 aedium.

387 2085 420 2132 At
438 2084 467 2132 in
483 2085 540 2150 lege
558 2087 631 2135 aedes
641 2088 865 2152 nonappellantur
882 2096 908 2137 et
917 2097 976 2138 sunt
993 2095 1132 2137 ceterarum
1149 2103 1232 2136 rerum
1246 2085 1369 2146 omnium,
1388 2100 1498 2148 quarum
1513 2093 1592 2131 annuus

387 2167 424 2209 est
441 2175 513 2210 usus:
538 2163 620 2212 valeat
638 2165 767 2229 aequitas,
791 2181 855 2230 quae
873 2167 979 2230 paribus
998 2166 1026 2214 iri
1045 2166 1130 2214 causis
1148 2165 1223 2228 paria
1240 2164 1298 2214 iura
1316 2157 1464 2211 desideret’
1501 2155 1551 2208 Cic.
1566 2156 1590 2218 (11-

388 2231 537 2299 Caec.19):
561 2235 623 2289 ‘Lex
642 2257 714 2290 usum
732 2250 757 2291 et
775 2243 953 2292 auctoritatem
976 2241 1049 2291 fundi
1074 2242 1144 2290 iubat
1167 2257 1221 2290 esse
1244 2234 1397 2288 biennium'.
1436 2233 1498 2287 Gai.
1516 2234 1540 2284 2.
1556 2231 1591 2278 ii:

386 2311 553 2380 illibatam)
571 2316 708 2366 mobilium
726 2319 829 2382 quidem
847 2336 931 2368 rernm
949 2336 1015 2368 anno
1034 2319 1188 2384 completur,
1206 2317 1280 2366 fundi
1298 2333 1357 2365 vero
1375 2325 1401 2366 et
1420 2315 1522 2364 aedium
1538 2310 1590 2358 bian-

385 2392 439 2455 nio,
457 2400 481 2442 et
498 2394 537 2442 ita
554 2393 610 2456 lege
627 2391 678 2441 XII
696 2394 745 2443 tab.
765 2403 867 2444 cautum
887 2391 941 2445 ests
959 2395 1006 2443 54:
1024 2392 1072 2444 ‘lex
1091 2396 1158 2444 anIm
1172 2393 1224 2444 XII
1237 2394 1287 2444 tab.
1306 2393 1355 2442 soli
1370 2393 1475 2458 quidem
1492 2406 1529 2438 res
1538 2387 1590 2434 bien·

385 2469 430 2516 nio
448 2471 555 2534 usucapi
574 2471 660 2533 iussit,
678 2479 771 2522 ceteras
790 2488 848 2520 vero
867 2468 949 2521 anno.¹
967 2468 1061 2521 Boetia.
1079 2467 1109 2520 itt
1120 2465 1235 2537 Oiciop.
1255 2467 1271 2519 l.
1291 2482 1326 2522 c.:
1344 2468 1406 2520 ‘Hic
1417 2470 1501 2534 igitur
1511 2463 1590 2514 aedium

386 2561 447 2594 usus
465 2540 491 2604 (i)
511 2546 688 2596 auctoritatem
706 2546 813 2595 biennio
831 2548 889 2596 fieri
908 2549 986 2598 sentit
1003 2543 1128 2608 (Cicero).'

455 2617 480 2670 4.
517 2618 583 2670 Gett.
603 2623 636 2684 (3,
653 2623 680 2685 2,
699 2622 755 2682 13):
775 2619 944 2687 ‘trinoctium
962 2625 1029 2689 quod
1046 2625 1131 2673 abesse
1151 2640 1166 2673 a
1184 2624 1239 2673 viro
1258 2623 1401 2686 usurpandi
1422 2637 1498 2672 carrea
1516 2636 1542 2669 ex
1556 2611 1591 2664 XII

388 2696 438 2746 tab.
458 2693 565 2746 deberet'
584 2701 629 2748 eie.
947 2709 949 2712 '

457 2770 481 2822 5.
500 2790 522 2822 a.
559 2770 662 2824 Gellius
679 2775 733 2839 (20,
752 2775 795 2835 10,
813 2773 836 2823 7.
855 2774 895 2828 Si:
919 2771 1031 2824 ‘Manum
1054 2791 1182 2824 conserere
1205 2783 1255 2837 est,
1278 2775 1308 2823 de
1330 2789 1381 2839 qua
1405 2791 1434 2824 re
1458 2774 1590 2833 disceptatu

389 2848 418 2896 in
435 2848 500 2912 iure,
517 2873 550 2882 -
569 2866 626 2899 oum
651 2851 796 2900 adversario
815 2851 893 2900 simul
915 2867 992 2900 manu
1009 2852 1144 2915 prendere,
1167 2859 1192 2900 et
1214 2852 1243 2900 in
1261 2866 1290 2899 ea
1308 2868 1335 2900 re
1353 2850 1512 2901 solemnibus
1528 2840 1591 2895 verbis

388 2925 528 2975 vindicare.
547 2927 680 2992 Correptio
699 2924 859 2989 (consertIoi)
882 2943 971 2976 manus
994 2928 1023 2977 in
1045 2943 1071 2976 re
1089 2935 1164 2992 atque
1182 2928 1212 2976 in
1233 2927 1288 2976 loco
1306 2928 1438 2991 praesenti
1457 2923 1522 2989 apud
1538 2931 1590 2984 prat·

390 3009 469 3050 torem
487 3019 517 3052 en
533 3001 586 3052 XII
604 3005 654 3052 tab.
673 3005 758 3066 fiebat,
777 3005 805 3053 in
823 3004 916 3068 quibus
934 3003 972 3053 ita
990 3004 1114 3067 seriptum
1133 3013 1181 3053 est:
1201 3015 1226 3051 sl
1244 3027 1276 3036 -
1295 2997 1477 3052 consultum?

458 3082 482 3130 b.
522 3077 638 3146 Ulpiani
654 3081 725 3129 locus
747 3081 847 3144 integer
864 3081 926 3132 haee
944 3081 1031 3130 habet:
1059 3076 1226 3144 ‘Pomponius
1243 3087 1330 3144 putat,
1348 3096 1399 3129 non
1420 3094 1494 3145 posse
1512 3073 1540 3124 ad
1555 3083 1591 3118 cet*

394 3166 447 3208 tum
472 3168 570 3224 tempus
589 3158 678 3208 deduci
697 3154 899 3219 (usumfructum)
918 3174 963 3208 nec
991 3175 1037 3222 per
1059 3159 1088 3208 in
1119 3159 1175 3208 iure
1198 3157 1338 3206 cessionem
1356 3173 1402 3206 neo
1423 3173 1468 3221 per
1486 3147 1592 3228 mancini·

393 3237 498 3300 tionem,
517 3237 559 3287 sed
578 3243 676 3286 tantum
695 3235 827 3285 transferri
845 3252 931 3300 posse3
956 3252 1002 3301 ego
1020 3235 1112 3298 didici,
1135 3244 1159 3284 at
1177 3235 1267 3284 deduci
1285 3234 1315 3283 ad
1334 3243 1437 3298 tempus
1453 3245 1532 3297 posse,
1548 3231 1592 3287 qun

393 3321 418 3360 et
435 3307 557 3376 mancip’.
575 3311 620 3360 etc.

464 3385 487 3438 6.
523 3383 619 3453 Pomp.
637 3383 734 3436 trechii.
754 3383 800 3448 (D.
818 3388 843 3445 1,
861 3388 889 3451 2,
906 3388 933 3446 2,
951 3387 1009 3452 24):
1029 3385 1176 3453 ‘Virginius
1193 3413 1227 3422 -
1244 3405 1301 3437 cum
1319 3385 1546 3438 animadvertisset,
1559 3377 1592 3433 ii*

394 3465 531 3515 Claudium
549 3477 636 3515 contra
654 3466 708 3528 ius,
726 3466 792 3530 quod
810 3466 867 3529 ipsa
886 3482 916 3514 ex
934 3473 1015 3516 vetere
1033 3466 1090 3515 iure
1107 3467 1137 3515 in
1153 3464 1206 3515 XII
1224 3467 1273 3516 tab.
1292 3465 1470 3527 transtulerat,
1487 3452 1592 3531 vindicio

394 3543 465 3594 fiIiae
488 3559 548 3594 suae
570 3559 586 3592 a
604 3558 630 3591 se
648 3542 776 3591 abdixisse
794 3551 818 3592 et
836 3543 974 3592 secundum
992 3559 1062 3606 eum,
1080 3544 1125 3608 qui
1143 3544 1173 3593 in
1191 3545 1339 3594 servitutem
1357 3544 1484 3606 petierat,
1502 3533 1586 3586 dixisse.

393 3624 439 3672 ete.
459 3621 496 3672 Cf.
514 3616 597 3670 Dion.
615 3619 659 3677 11,
676 3618 719 3668 30.
737 3616 798 3669 Lin.
816 3619 841 3676 3,
859 3619 900 3669 56.

463 3695 485 3748 7.
504 3693 528 3746 8.
566 3691 636 3745 Fest.
661 3692 802 3762 ‘Tignum
824 3713 875 3746 non
897 3697 978 3746 solum
1000 3697 1029 3745 in
1052 3697 1194 3760 aedificiis,
1212 3722 1244 3730 -
1263 3696 1306 3746 sed
1325 3695 1403 3744 etiam
1429 3697 1459 3746 in
1476 3688 1560 3745 vineis
1574 3689 1592 3726 ut

393 3776 477 3824 estin
494 3773 558 3822 XII:
591 3785 697 3822 urorum
715 3800 748 3809 -
766 3768 895 3824 soevrro’.
931 3769 1038 3824 Paulus
1059 3769 1097 3822 ad
1118 3769 1158 3824 ed.
1185 3769 1231 3834 (D.
1258 3772 1283 3836 6,
1310 3773 1334 3828 1,
1366 3771 1415 3830 23,
1442 3770 1468 3832 6)
1495 3764 1592 3826 ‘Tigrim

394 3851 507 3900 alienum
525 3839 630 3900 aedibus
648 3852 764 3902 iunctum
782 3869 827 3902 neo
840 3851 970 3902 vindicari
989 3858 1072 3913 potest
1088 3858 1194 3915 propter
1210 3851 1295 3914 legem
1311 3849 1365 3898 XII
1382 3850 1444 3912 tab,
1462 3862 1506 3896 nec
1523 3856 1547 3888 0⁰
1562 3846 1592 3882 W

393 3929 463 3977 mine
482 3928 513 3977 ad
531 3928 702 3978 exhibendum
721 3932 774 3995 egi,
785 3930 869 3978 -sed
887 3937 924 3978 est
941 3930 1010 3978 actio
1028 3929 1135 3994 antiqua
1153 3929 1182 3978 de
1201 3928 1273 3991 tigno
1284 3927 1380 3988 iuncto,
1399 3911 1591 3990 quaeindunlum

394 4005 497 4070 exlege
515 4005 567 4054 ΧΠ
585 4006 634 4056 aa.
658 4002 803 4056 deseendit!
840 4007 876 4056 cr.
900 4001 925 4056 J.
949 4005 975 4066 2,
994 4006 1019 4069 1,
1036 4005 1081 4056 29.
1104 4002 1141 4057 1).
1159 4005 1202 4068 ra,
1219 4004 1245 4067 3,
1262 4003 1306 4066 aa,
1325 4003 1351 4051 a.
1370 3998 1438 4067 Ha,
1461 3993 1498 4048 aa
1514 3991 1529 4043 t.
1546 3972 1595 4038 ΧΗ

394 4078 446 4133 tab.
465 4077 498 4130 de
514 4078 543 4131 ti.
561 4078 660 4132 intumo.
678 4081 755 4132 1837.
779 4077 956 4144 iisinischeii,
975 4077 1063 4134 Pani.
1081 4077 1186 4148 §.188¹
1204 4093 1229 4130 n.
1248 4078 1360 4133 10-15.

464 4233 489 4293 1)
508 4231 586 4285 Hunc
609 4231 695 4284 locum
718 4247 777 4284 oum
799 4231 883 4298 priore
902 4230 1113 4298 coniungendam
1132 4246 1202 4294 esso,
1230 4229 1372 4282 verisimile
1399 4245 1453 4282 non
1470 4224 1523 4282 esi,
1546 4206 1591 4302 qnia

395 4317 462 4370 ini.
487 4316 503 4369 i.
531 4315 646 4368 cessione
669 4316 904 4370 contravindioatio
932 4332 991 4368 curn
1013 4315 1135 4368 manibus
1163 4314 1291 4367 consertis
1318 4313 1406 4367 locum
1432 4327 1483 4366 non
1509 4291 1591 4356 habui-

395 4401 458 4457 Goi.
476 4405 502 4466 2,
520 4405 564 4455 24.
583 4430 615 4440 -
633 4402 659 4467 2)
677 4401 746 4456 Mo:
770 4403 791 4455 ‘e
810 4402 950 4468 compage'.
980 4399 1010 4454 O.
1030 4399 1157 4452 Mueller:
1180 4400 1202 4451 ‘c
1220 4399 1351 4466 concape'.
1380 4394 1498 4454 Schoeil:
1514 4394 1533 4440 ‘e
1549 4390 1593 4432 con·

395 4487 470 4555 oapi’.
498 4486 571 4540 Hu:
593 4488 638 4542 ‘sei
655 4487 792 4556 concapit!
