3296 5370
531 413 551 459 Ὀ
584 419 698 474 Senatus
717 419 844 472 consulta.
952 423 954 426 ’
1263 421 1325 486 133

28 595 32 600 ’
100 597 211 661 tentia
234 596 282 660 ita
304 593 380 658 fuit:
400 589 461 656 ‘sei
484 610 561 673 ques
581 595 680 668 esent,
704 591 779 671 quei
798 607 964 654 arvorsum
982 591 1043 655 ead
1062 589 1204 672 feoisent,
1228 611 1325 674 quam

47 755 56 768 ,
101 698 226 780 suprad
252 696 257 778 Ι
285 696 530 776 scriptumest,
555 694 619 757 eeis
641 710 708 756 rem
732 691 913 772 caputalem
940 690 1120 758 faciendam
1143 713 1295 759 censuere
1306 690 1321 774 3'
1333 702 1375 757 25.

101 807 204 880 atque
228 798 296 861 utel
316 794 321 880 Ι
340 795 418 860 hooe
441 795 475 860 in
497 795 638 860 tabulam
660 793 794 858 ahenam
817 793 1031 872 inoeideretis,
1054 793 1101 858 ita
1123 801 1255 861 senatus
1278 798 1324 862 ai-

101 919 202 981 quom
221 899 354 974 censuit,
374 899 379 979 Ι
399 897 530 978 uteique
547 915 617 960 eam
630 893 722 976 figier
736 893 904 973 ioubeatis,
915 893 1168 962 ubeilacilumed
1180 899 1325 977 gnosoier

102 1002 233 1082 potisit;
257 1007 355 1082 atque
374 999 378 1080 Ι
401 999 466 1062 otei
489 1017 527 1064 ea
549 997 727 1076 baoanalia,
751 997 797 1062 sei
820 1013 885 1077 qua
908 1001 993 1076 sunt,
1016 998 1146 1062 exstrad
1163 1017 1261 1080 quam
1279 1001 1325 1063 sei

80 1103 184 1184 *quid
215 1103 278 1167 ibei
302 1102 385 1166 sacri
412 1104 471 1178 est,
491 1103 495 1181 Ι
515 1101 562 1163 ita
584 1099 652 1162 utei
676 1098 796 1178 suprad
819 1099 973 1178 scriptum
997 1103 1062 1178 est,
1093 1099 1125 1162 in
1150 1098 1263 1164 diebus
1284 1099 1325 1179 X,

102 1203 222 1285 quibus
245 1204 352 1268 vobeis
374 1202 495 1267 tabelai
513 1201 604 1266 datai
624 1199 628 1283 Ι
649 1205 753 1278 erunt,
776 1198 902 1266 faeiat-is
924 1200 993 1264 utei
1016 1200 1155 1266 dismota
1177 1199 1269 1265 sient.
1284 1209 1375 1264 man.

102 1305 144 1369 lu
166 1322 243 1385 agro
266 1303 421 1368 Teurano.

256 1438 284 1501 2.
318 1438 374 1504 SC.
393 1440 441 1504 de
459 1437 706 1521 philosophis
729 1441 762 1500 et
780 1437 1020 1518 rhetoribus,
1045 1457 1073 1502 a.
1097 1436 1170 1502 593.
1227 1473 1230 1482 =
1258 1472 1262 1478 -

186 1549 287 1634 (Suel.
311 1550 348 1615 de
378 1549 452 1614 olor.
476 1549 553 1614 obet.
565 1545 761 1614 o.1.:‘vetus
785 1546 842 1612 SC.
865 1550 944 1638 item
967 1549 1146 1615 censorium
1169 1551 1326 1618 edietum1

99 1646 309 1734 subiiciam':)
536 1703 538 1710 .
1225 1667 1227 1672 ·
1288 1683 1291 1688 -

187 1753 220 1818 Ο.
244 1754 365 1818 Fannio
395 1752 568 1832 Strabone,
594 1751 635 1816 M.
660 1751 789 1816 Valerio
812 1752 951 1816 Messala
979 1769 1041 1818 cos.
1064 1751 1107 1819 M.
1128 1755 1324 1838 Pomponius

96 1861 231 1937 praetor
254 1861 401 1920 senatum
424 1856 591 1920 consuluit.
624 1853 715 1930 Quod
737 1856 837 1920 verba
858 1852 946 1919 facta
968 1859 1041 1918 sunt
1064 1855 1103 1919 de
1126 1855 1324 1938 philosophis

98 1965 134 2022 et
158 1959 197 2022 de
220 1957 413 2036 rhetoribus,
434 1958 473 2020 de
496 1975 535 2021 ea
556 1975 593 2020 re
607 1957 655 2020 ita
674 1961 885 2044 censuerunt:
908 1961 945 2020 ut
960 1955 1003 2020 M.
1022 1956 1217 2037 Pomponius
1231 1976 1323 2038 prae-

96 2065 151 2122 tor
182 2060 455 2123 animadverteret
484 2061 691 2139 pararetque,
725 2057 774 2121 uti
805 2058 834 2122 ei
871 2057 1082 2138 erepublica
1109 2055 1236 2139 fideque
1264 2077 1323 2124 sna

98 2162 275 2241 videretur,
299 2166 336 2224 ut
358 2162 540 2225 Romaene
562 2164 678 2226 essent.

367 2294 396 2358 3.
440 2294 497 2361 SC.
522 2296 567 2360 da
589 2294 840 2374 Tiburtibus,
864 2313 945 2362 saec.
968 2294 1055 2361 Vll.²

185 2406 219 2473 L.
243 2406 416 2486 Cornelius,
440 2405 497 2472 On.
520 2405 551 2485 l,
575 2402 734 2487 prtoetor)
753 2423 818 2470 sen
842 2405 1030 2488 constuluit)
1048 2425 1077 2470 a.
1096 2406 1125 2470 d.
1144 2403 1202 2470 III.
1221 2425 1323 2472 nonas

96 2507 202 2574 Maias
225 2509 285 2574 sub
309 2510 388 2575 aede
407 2509 575 2573 Kastorus.
595 2503 600 2592 Ι
620 2507 687 2572 Sor.
711 2505 775 2571 adl.
788 2507 825 2570 A.
838 2507 987 2586 Manlius,
1009 2507 1046 2572 Α.
1068 2506 1098 2586 f,
1125 2505 1195 2573 Ser.
1219 2509 1321 2575 Iulius

100 2663 106 2675 .
128 2661 134 2675 .
156 2610 213 2676 .L.
233 2611 424 2691 Postumius
448 2611 478 2676 S.
498 2608 518 2674 f.
540 2612 544 2692 Ι
564 2608 657 2686 Quod
675 2609 845 2675 Teiburtes
867 2607 992 2693 vterba)
1015 2608 1165 2693 desistis)
1190 2612 1321 2691 quibus·

98 2731 161 2796 que
196 2713 235 2778 de
257 2716 355 2779 rebus
372 2731 428 2778 vos
447 2712 659 2793 purgavistis,
686 2730 724 2775 ea
747 2715 879 2776 senatus
910 2708 915 2795 Ι
943 2713 1086 2776 animum
1108 2714 1251 2782 advortit
1273 2715 1321 2780 ita

99 2816 167 2879 utel
191 2834 327 2896 aequom
345 2814 414 2879 fuit.
459 2814 588 2896 Nosque
611 2833 650 2878 ea
673 2814 720 2877 ita
743 2801 979 2894 audiveramus,
996 2812 1007 2896 ΙΙ
1024 2819 1059 2878 ut
1082 2833 1138 2881 vos
1157 2817 1319 2882 deixsistis
1330 2835 1354 2892 5.

1 2955 2 2986 Ι
98 2917 209 2979 vobeis
227 2918 375 3002 nuntiata
393 2935 472 2982 esse.
516 2915 566 2980 Ea
588 2935 645 2980 nos
668 2915 810 2980 animum
833 2909 979 2980 nostrum
1008 2913 1013 3000 Ι
1041 2935 1102 2982 non
1126 2919 1321 2985 indoneeba-

1 3057 2 3062 κ
99 3034 171 3079 mus
194 3015 240 3079 ita
262 3015 350 3081 lacta
373 3035 443 3082 esse
466 3022 599 3098 propter
621 3035 660 3081 ea
683 3017 770 3098 quod
789 3017 948 3081 scibamus
968 3014 973 3100 Ι
993 3037 1031 3082 ea
1053 3039 1109 3084 vos
1127 3021 1243 3085 merito
1265 3041 1322 3086 no-

1 3171 2 3176 ,
101 3121 168 3181 stro
184 3114 291 3180 lacere
310 3135 370 3180 non
389 3119 542 3198 potuisse,
560 3136 665 3199 neque
682 3135 738 3182 vos
757 3119 870 3198 dignos
886 3136 966 3196 esse,
987 3115 992 3201 Ι
1012 3121 1086 3199 quei
1106 3137 1145 3186 ea
1160 3120 1319 3200 laceretis

98 3235 203 3298 neque
234 3218 268 3281 id
298 3217 407 3282 vobeis
434 3236 536 3298 neque
559 3220 606 3283 rei
629 3219 775 3298 puplicae
806 3223 935 3283 vostrae
964 3217 969 3300 Ι
993 3219 1082 3284 oitile
1113 3239 1182 3286 esse
1204 3221 1320 3288 facere.

1 3377 2 3382 ,
97 3320 142 3384 Et
163 3323 336 3401 postquam
357 3323 468 3384 vostra
480 3320 585 3384 ¹verba
603 3323 735 3384 senatus
754 3319 894 3397 audivit,
911 3317 923 3402 ΙΙ
939 3324 1032 3386 tanto
1049 3324 1154 3403 magis
1174 3325 1316 3388 animum
1329 3337 1369 3391 10.

97 3427 243 3486 nostrum
264 3421 481 3501 indouoimus,
499 3421 547 3485 ita
568 3421 636 3486 utel
659 3425 735 3484 ante
763 3419 768 3504 Ι
797 3421 1040 3486 arbitrabamur
1063 3425 1102 3488 de
1125 3425 1203 3490 eleis
1225 3426 1321 3490 rebus

97 3522 132 3588 af
151 3523 262 3588 vobeis
285 3529 451 3604 peceatum
473 3540 536 3589 non
559 3541 637 3588 esse.
666 3520 669 3606 Ι
701 3521 857 3602 Quanque
885 3523 924 3588 de
951 3523 1029 3588 eieis
1052 3524 1149 3590 rebus
1172 3527 1320 3591 senatuei

96 3627 230 3706 purgati
240 3626 328 3705 estio,
347 3625 637 3705 oredimnsvosqne
656 3621 661 3704 Ι
682 3625 824 3688 animum
838 3630 983 3689 vostrum
998 3625 1170 3692 indoucere
1181 3632 1319 3708 oportet,

96 3729 174 3791 item
197 3745 254 3792 vos
276 3727 395 3808 populo
415 3723 419 3807 Ι
439 3727 583 3792 Romano
606 3731 762 3808 purgatos
784 3725 861 3790 lore.

165 3881 189 3944 1)
210 3879 355 3946 Utrumque
364 3877 472 3932 exhibet
480 3878 561 3931 etiam
572 3876 638 3932 Gall.
648 3881 689 3940 15,
698 3881 747 3943 115
756 3875 796 3930 ed.
807 3893 876 3930 oens.
886 3895 909 3932 v.
919 3878 988 3931 infra
997 3895 1018 3933 o.
1035 3879 1063 3936 V.
1073 3879 1124 3933 Ill.
1134 3882 1200 3944 -2l
1212 3881 1240 3935 0.
1250 3882 1275 3935 I.
1284 3882 1318 3936 L.

94 3968 119 4028 1,
134 3966 187 4016 107
202 3980 228 4016 n.
246 3967 309 4016 201.
324 3963 345 4015 lt
360 3961 456 4016 tabula
468 3963 577 4024 ahenea,
595 3979 660 4031 quae
679 3979 746 4016 seeo.
758 3961 822 4016 XVI
840 3963 939 4016 Tibure
956 3965 1062 4030 reperta
1079 3965 1157 4020 hodie
1174 3969 1222 4020 ant
1239 3967 1320 4030 periit

94 4050 141 4100 aut
159 4048 238 4100 latet.
257 4047 377 4100 Primum
391 4046 464 4100 edita
473 4051 514 4101 est
523 4046 556 4100 ab
570 4047 668 4101 Ursino
678 4047 721 4114 (ad
739 4047 853 4115 Auqast.
871 4047 904 4100 de
921 4047 969 4116 lep.
987 4051 1044 4116 22),
1059 4053 1192 4117 postremo
1203 4051 1320 4106 etabula

95 4132 152 4200 ipsa
169 4132 203 4185 ab
226 4133 320 4186 Ennio
343 4131 461 4186 Voconi
483 4132 560 4197 (teon.
582 4148 648 4185 root.
670 4137 695 4194 1,
713 4133 765 4190 89).
802 4131 884 4184 Aetas
902 4133 1004 4187 ineerta
1022 4136 1075 4188 est:
1094 4134 1122 4187 in
1140 4134 1211 4187 bello
1229 4135 1319 4188 sociali

96 4231 117 4270 a.
136 4217 188 4270 664
206 4217 379 4284 conscriptam
397 4219 477 4282 putat
497 4215 574 4283 Viso,
592 4215 625 4270 ad
643 4215 854 4270 coniurationem
863 4215 1041 4272 Sertorianum
1059 4237 1083 4274 n.
1102 4221 1152 4274 676
1170 4221 1251 4274 refert
1261 4221 1318 4274 Mo.

95 4299 187 4366 Ipsum
214 4301 261 4356 SC.
288 4318 341 4356 non
362 4317 432 4366 esse,
457 4301 503 4356 sed
527 4317 682 4369 responsum
711 4299 800 4368 potius
823 4304 954 4368 praetoris
975 4319 1006 4358 ex
1025 4303 1072 4360 SC.
1090 4303 1233 4368 redditum,
1259 4321 1319 4358 eon-

95 4399 169 4436 versa
193 4387 312 4439 oratione
335 4402 366 4440 ex
390 4386 473 4453 tertia
495 4402 607 4455 persona
629 4385 657 4438 in
680 4383 835 4449 secundnm,
859 4387 913 4440 iam
931 4387 1095 4442 existimavit
1117 4385 1184 4454 Ura,
1203 4389 1231 4442 id
1249 4391 1318 4458 qnod

95 4469 247 4536 comprobat
266 4470 322 4527 Mo.
548 4457 550 4462 ’
