3328 5356
677 419 781 473 Festus.
1278 419 1343 484 239

115 596 345 663 comitiales
368 595 437 658 dies
459 592 681 673 appellabant,
705 607 777 654 eum
798 591 832 654 in
856 591 983 655 comitio
1007 592 1255 671 conveniebant3
1287 595 1342 674 qui

45 766 47 770 ,
113 701 203 764 16666
228 716 247 761 a
267 696 423 774 coeundo,
447 695 466 758 i.
490 711 515 758 6.
539 693 669 771 insimul
692 693 859 770 veniendo,
882 697 932 756 est
955 693 1069 758 dictus.
1114 693 1150 758 P.
1174 696 1227 758 38.

113 801 276 881 Compas
288 816 380 862 cuus
394 814 481 877 ager,
493 793 680 858 relictused
691 793 887 874 pascendum
898 795 1109 858 communiter
1117 795 1238 859 vicinis.
1250 795 1343 868 Pro.

112 899 380 982 Compraedes
403 897 546 961 eiusdem
568 896 615 958 rei
639 895 758 975 populo
781 912 959 974 sponsores.
1004 893 1038 956 P.
1062 897 1113 958 39.

112 1001 428 1067 Conciliabulum
450 999 547 1077 locus,
571 998 626 1061 ubi
650 996 683 1059 in
708 996 877 1060 concilium
900 996 1097 1062 convenitur.
1141 995 1176 1058 Ρ.
1203 998 1255 1060 38.

112 1102 327 1168 Concilium
357 1101 476 1165 dicitur
504 1119 524 1163 a
550 1098 661 1179 populi
690 1116 861 1162 consensu:
894 1097 961 1162 sive
985 1098 1150 1162 concilium
1180 1099 1300 1162 dicitur
1323 1119 1343 1162 a

112 1203 319 1281 coucalando,
343 1203 362 1266 i.
386 1201 585 1264 evocando.
618 1198 652 1263 P.
672 1203 724 1262 38.
745 1237 750 1252 ·

113 1305 255 1370 Contio
278 1300 436 1384 siguificat
458 1305 664 1380 conventum,
696 1317 758 1364 666
782 1305 891 1364 tamen
915 1300 1029 1380 alium,
1057 1319 1154 1382 quam
1177 1319 1262 1378 eum,
1285 1302 1340 1381 qui

115 1429 135 1472 a
158 1407 356 1488 magistratu
379 1403 428 1468 vel
451 1421 470 1466 a
493 1403 663 1467 sacerdote
685 1402 814 1482 publico
838 1421 896 1482 per
918 1420 1109 1482 praeconem
1136 1408 1340 1468 convocatur.

113 1508 146 1572 Ρ.
172 1511 225 1572 38.
288 1541 293 1552 ·

114 1608 326 1674 Condicere
349 1611 399 1670 est
421 1605 555 1671 diceudo
579 1603 780 1668 denuntiare.
825 1603 860 1667 P.
884 1607 936 1668 64.

111 1710 315 1775 Condictio
331 1710 363 1772 in
374 1709 458 1772 diem
478 1711 600 1772 certum
619 1706 687 1770 eius
696 1707 751 1784 rei,
772 1708 984 1787 quaeagitur,
1004 1709 1216 1774 denuntiatio.
1241 1706 1276 1772 Ρ.
1288 1713 1338 1772 66.

5 1873 7 1878 .
110 1811 345 1876 Condictum
369 1815 427 1888 est,
452 1809 538 1890 quod
560 1809 591 1872 in
616 1825 782 1872 commune
804 1813 855 1872 est
878 1808 1007 1872 dietum.
1053 1809 1087 1872 P.
1111 1812 1162 1872 39.

110 1912 341 1991 Conscripti
365 1911 565 1987 dicebantur,
590 1909 645 1990 qui
669 1927 707 1973 ex
731 1909 875 1990 equestri
898 1910 1009 1976 ordine
1032 1912 1182 1991 patribus
1200 1913 1338 1977 ascribe-

109 2016 242 2092 bantur,
265 2019 303 2078 ut
325 2031 476 2076 numerus
500 2016 685 2076 senatorum
708 2010 901 2090 expleretur.
946 2010 981 2074 Ρ.
1004 2015 1055 2075 41.

110 2116 368 2197 Conspersos
391 2114 586 2178 coniurator.
632 2111 667 2176 P.
691 2115 741 2176 59.

110 2216 327 2297 Consposos
349 2216 476 2297 antiqui
502 2215 653 2279 dicebant
675 2213 737 2278 fide
760 2219 871 2279 mutua
894 2214 1071 2295 colligatos.
1116 2213 1151 2278 P.
1175 2219 1226 2279 41.
1325 2229 1328 2234 ’

109 2318 342 2383 0666666666
366 2317 455 2380 litem
478 2316 632 2380 dicuntur
654 2316 717 2380 duo
741 2321 799 2380 aut
814 2316 922 2395 plures
940 2318 1129 2396 adversarii,
1148 2318 1233 2398 quod
1252 2317 1337 2382 ordi-

108 2425 187 2485 nato
219 2419 338 2483 iudicio
369 2423 509 2498 utraque
537 2435 611 2498 pars
643 2418 749 2482 dicere
777 2417 877 2482 solet:
911 2417 1034 2482 ‘Testes
1062 2416 1183 2483 estote’
1228 2417 1264 2482 Ρ.
1287 2422 1336 2482 57.

109 2520 345 2586 Contestani
368 2525 427 2597 est,
451 2537 522 2582 cum
546 2523 684 2599 uterque
706 2537 781 2582 reus
806 2519 899 2582 dicit:
925 2518 1047 2584 ‘Testes
1070 2517 1193 2584 estote'
1225 2518 1260 2583 P.
1282 2523 1335 2583 38.

108 2622 358 2688 Contrarium
382 2639 446 2699 aes,
471 2638 567 2701 grave
590 2639 652 2684 aes.
700 2619 734 2684 P.
759 2624 810 2684 64.

108 2724 337 2788 Conventae
359 2722 529 2786 conditio
559 2722 742 2802 dicebatur,
771 2740 841 2786 cum
869 2723 992 2803 primus
1015 2741 1119 2788 sermo
1147 2724 1187 2788 de
1214 2723 1336 2804 nuptiis

107 2831 142 2890 et
168 2843 280 2890 earum
303 2824 485 2889 conditione
507 2823 699 2890 habebatur.
746 2823 780 2888 Ρ.
802 2825 854 2888 62,

107 2927 330 2994 Conventus
358 2931 498 3006 quatuor
524 2926 627 2990 modis
653 2926 870 3006 intellegitur:
892 2926 1071 3003 -tertio,
1095 2945 1167 2990 cum
1189 2943 1209 2988 a
1236 2927 1336 3006 magi-

106 3029 270 3094 stratibus
293 3029 403 3092 iudicii
427 3046 523 3092 causa
546 3028 684 3108 populus
708 3033 930 3109 congregatur.
974 3027 1009 3090 P.
1032 3030 1080 3091 41.
1224 3099 1227 3106 ,

106 3131 198 3196 Cum
229 3131 394 3211 imperio
427 3134 490 3194 est
522 3130 690 3194 dicebatur
719 3130 806 3209 apud
834 3130 999 3210 antiquos,
1030 3131 1082 3194 cui
1105 3130 1292 3194 nominatim
1316 3149 1336 3194 a

105 3233 230 3314 populo
254 3233 395 3297 dabatur
417 3233 594 3312 imperium.
628 3231 715 3295 Cum
735 3237 935 3313 potestate
957 3237 1016 3322 est
1040 3231 1208 3296 dicebatur
1231 3232 1270 3295 de
1289 3250 1335 3310 oo,

106 3336 165 3416 qui
188 3353 207 3398 6
229 3333 349 3415 populo
372 3334 470 3398 alicui
492 3334 621 3414 negotio
644 3331 901 3415 praeficiebatur.
947 3331 983 3396 P.
1001 3337 1052 3397 50.

104 3435 201 3500 Cum
224 3434 366 3515 populo
389 3453 510 3516 agere
530 3435 591 3500 hoc
613 3441 662 3500 est
685 3435 839 3516 populum
863 3435 903 3498 ad
927 3435 1095 3500 concilium
1125 3440 1183 3499 aut
1206 3435 1313 3500 comiti

103 3554 233 3602 vocare.
278 3535 314 3600 P.
337 3540 385 3600 50.

105 3637 214 3703 Cura
224 3643 331 3702 tores
341 3673 381 3682 -
394 3638 439 3701 rei
454 3636 682 3702 frumentariae
697 3640 824 3719 agrisve
841 3638 1020 3703 dividendis
1037 3638 1224 3718 praepositi.
1242 3636 1336 3702 Rue.

105 3739 232 3805 Curia
254 3739 342 3804 locus
365 3743 424 3818 est,
447 3739 503 3804 ubi
526 3739 670 3818 publicas
694 3759 786 3804 curas
805 3740 970 3821 gerebant.
1017 3738 1185 3804 Calabra
1209 3741 1334 3807 curia*

102 3843 162 3907 ubi
187 3846 315 3906 tantum
332 3842 415 3904 ratio
438 3859 604 3905 sacrorum
627 3843 813 3921 gerebatur.
842 3841 988 3906 Curiae
1007 3843 1105 3906 etiam
1121 3841 1338 3920 nominantur,

56 4015 59 4022 ,
103 3943 137 4008 66
161 3942 282 4026 quibus
302 3942 553 4022 uniuscuiusque
569 3943 672 4021 partis
690 3943 801 4022 populi
816 3943 950 4008 Romani
969 3942 1047 4023 quid
1068 3944 1201 4024 geritur,
1225 3943 1336 4022 quales

103 4050 181 4109 sunt
214 4043 287 4122 hae,
320 4043 354 4106 in
387 4060 468 4122 quas
500 4043 654 4107 Romulus
681 4044 834 4125 populum
866 4043 1042 4122 distribuit,
1075 4062 1208 4108 numero
1232 4041 1335 4122 XXX,

103 4146 227 4228 quibus
250 4150 364 4226 postea
386 4145 519 4209 additae
543 4151 618 4210 sunt
641 4145 679 4225 V,
703 4146 750 4210 ita
773 4147 865 4210 utin
888 4163 946 4208 sua
969 4146 1106 4226 quisque
1130 4145 1219 4208 curia
1242 4163 1336 4208 sacra

101 4249 241 4329 publiea
264 4245 386 4311 faceret
408 4245 569 4328 feriasque
592 4247 787 4325 observaret,
811 4247 914 4326 iisque
937 4245 1034 4310 curiis
1053 4246 1189 4325 singulis
1207 4245 1337 4310 nomina

102 4347 281 4414 Curiarum
296 4349 457 4427 virginum
474 4348 624 4428 imposita
640 4365 709 4412 esse
733 4348 894 4424 dicuntur,
918 4363 999 4425 quas
1018 4345 1159 4425 virgines
1175 4347 1336 4425 quondam

100 4451 245 4515 Romani
270 4450 311 4514 de
334 4447 462 4512 Sabin-is
484 4455 671 4529 rapuerunt.
716 4448 751 4512 P.
775 4451 827 4512 49.
