3346 5344
400 529 442 592 50
826 524 880 576 Lex
898 523 983 577 Acilia
1002 520 1212 592 repetundarum.

350 711 392 765 30.
420 696 544 780 l··(7⁰)
557 745 879 758 ·······
916 642 933 757 V.
974 691 1037 775 22222
1064 693 1096 756 22
1119 691 1258 755 22222222
1283 689 1459 774 pomposis.
1473 689 1567 768 ,(222..

350 813 392 866 31.
421 798 542 882 Ι..(222
553 846 1089 862 ...........
1124 792 1260 875 telinum
1279 790 1494 874 nondin[on..r
1504 789 1571 869 (222..

351 921 393 974 32.
423 900 473 983 Ι..
485 901 545 982 (74)
557 945 1199 963 .............
1228 895 1256 957 is
1281 895 1348 957 erit
1371 913 1479 956 uu..
1491 891 1572 970 ,(322.

505 1077 534 1142 2.
581 1078 701 1158 Leges
724 1075 923 1156 fragmen
909 1075 1102 1138 torumlll
1125 1073 1211 1137 olim
1235 1071 1523 1136 Benrbinorrlun.

702 1282 733 1324 a.
777 1269 853 1322 Lex
873 1261 1014 1344 (Acilia)
1032 1261 1340 1333 repetundarum.2

372 1416 394 1466 1.
490 1399 561 1483 [Μ’.
587 1401 707 1463 Acilius
724 1399 864 1476 Glabrio,
884 1450 889 1461 .
908 1449 914 1461 .
930 1377 1066 1480 22222222),
1081 1395 1251 1478 imitantes)
1260 1394 1404 1477 22222222,
1416 1395 1526 1476 plebem
1539 1396 1583 1456 2222

406 1538 611 1547 —.--.———

475 1605 500 1666 12
510 1601 620 1656 Saeculo
633 1601 696 1654 XVI
707 1601 806 1654 Romae
820 1600 858 1652 XI
877 1601 1028 1667 fragmenta
1046 1599 1153 1652 tabulae
1172 1597 1288 1650 aheneae
1308 1597 1464 1659 exstabant,
1482 1597 1520 1649 cui
1536 1613 1560 1648 22
1573 1612 1583 1646 a

405 1689 461 1742 tica
478 1691 555 1755 parte
573 1686 693 1754 levigata
711 1686 753 1739 lex
771 1685 977 1753 repetundarum
995 1685 1083 1738 222222
1101 1683 1239 1748 inscripta,
1258 1698 1272 1734 e
1291 1682 1398 1748 postica
1408 1682 1498 1736 scabra
1507 1682 1544 1734 lex
1551 1695 1583 1746 agl

406 1774 454 1835 ria,
472 1772 520 1826 illa
539 1772 604 1825 satis
624 1771 762 1838 eleganter
780 1773 954 1837 accurateque
970 1773 1085 1834 exarata,
1104 1767 1168 1820 haec
1186 1766 1364 1834 neglegenter
1383 1767 1531 1834 litterisque
1547 1765 1583 1818 2222

407 1857 480 1910 ribus
503 1856 669 1924 pressiusque
697 1855 813 1922 scriptis,
849 1854 906 1919 Quo
932 1859 1050 1920 tempore
1078 1854 1133 1906 2222
1160 1851 1235 1904 modo
1259 1855 1367 1918 reperta
1396 1853 1454 1905 sint
1480 1853 1583 1920 fragmen

359 2002 363 2010 Ι
405 1942 552 2008 ignoratur.
576 1941 634 1993 Duo
651 1940 730 2008 (22222
753 1941 807 1992 iam
829 1957 845 1992 2
869 1939 925 1992 Jae.
950 1938 1085 1991 Mazoebio
1108 1937 1271 2004 transcripta
1293 1953 1317 1990 a.
1342 1937 1413 1990 1521
1439 1938 1467 1989 in
1490 1937 1551 1989 libro
1572 1949 1583 1986 2

408 2025 617 2093 ‘Epigrammata
635 2028 691 2078 ant.
710 2025 768 2078 urb.
787 2024 894 2076 Romae*
913 2023 940 2089 (f,
952 2023 1012 2086 1802
1032 2021 1104 2075 edita
1122 2023 1184 2074 2222
1190 2044 1196 2085 ;
1216 2037 1326 2089 quorum
1344 2021 1466 2074 alterum
1475 2022 1531 2087 (Ab)
1544 2037 1583 2088 pos

408 2110 533 2178 deperiit,
555 2114 586 2163 ut
608 2111 664 2163 eius
686 2109 763 2162 hodie
789 2107 858 2162 nihil
883 2108 934 2160 nisi
953 2107 1153 2160 Maaochianum
1172 2106 1305 2173 exemplar
1323 2105 1492 2174 descriptum
1508 2121 1583 2174 supera

408 2195 522 2249 alterum
543 2211 591 2248 nec
617 2211 669 2248 non
688 2197 776 2248 cetera
793 2193 833 2245 IX
855 2192 1007 2260 fragmenta
1025 2195 1118 2260 postea
1135 2208 1151 2244 a
1169 2191 1239 2244 card.
1268 2190 1349 2244 Petro
1367 2191 1473 2246 Bembo
1490 2207 1583 2258 compar

408 2281 435 2332 in
454 2280 510 2333 eius
528 2296 620 2334 museo
638 2279 870 2332 conservabantur.
908 2277 963 2342 Quo
982 2277 1038 2329 viro
1055 2278 1161 2329 mortuo
1180 2275 1269 2344 (1547)
1294 2275 1327 2328 ab
1346 2275 1492 2329 heredibus
1510 2275 1583 2328 distre

408 2365 506 2418 iterum
524 2364 645 2432 dispersa
664 2366 735 2416 sunt.
762 2363 828 2416 Post
847 2363 921 2415 varia
940 2362 996 2414 fata
1014 2377 1096 2413 unum
1115 2361 1154 2427 (Ε)
1173 2361 1202 2412 in
1218 2360 1336 2414 Galliam
1354 2362 1518 2415 translatum
1534 2359 1583 2412 ibi¹

409 2449 488 2516 periit
507 2467 528 2502 c.
547 2449 628 2502 finem
646 2464 712 2501 saec.
732 2447 803 2512 XVI,
822 2448 897 2500 cuius
917 2449 976 2500 exst
990 2448 1038 2498 ant
1060 2447 1182 2513 exempla
1199 2446 1261 2506 tria,
1281 2445 1332 2498 duo
1351 2445 1486 2514 descripta
1503 2448 1527 2498 in
1544 2443 1583 2497 Gal

410 2534 576 2587 aBrissonio
598 2536 625 2586 et
649 2532 845 2599 (neglegenter)
864 2547 879 2582 a
902 2529 1057 2596 Boissardo‚
1081 2530 1193 2583 tertium
1216 2531 1326 2598 originis
1349 2531 1467 2585 incertae
1484 2531 1575 2584 editum

412 2619 513 2672 Ursino.
550 2618 608 2670 Duo
631 2617 785 2684 fragmenta
809 2614 895 2680 (CDd)
920 2614 1104 2668 Vindobonem
1129 2615 1292 2681 migrarunt,
1317 2615 1365 2668 ubi
1382 2617 1410 2670 in
1428 2631 1510 2668 museo
1525 2613 1583 2665 anti

410 2703 498 2757 adhuc
516 2702 703 2762 adservantur;
728 2703 817 2753 cetera
839 2700 926 2752 omnia
944 2699 1084 2766 Neapolim
1102 2703 1287 2767 pervenerunt,
1305 2699 1353 2753 ubi
1371 2701 1400 2753 in
1414 2715 1495 2752 museo
1512 2695 1583 2749 222222

412 2786 508 2840 Omnia
529 2786 594 2838 haec
618 2786 769 2852 fragmenta
793 2784 871 2836 unius
889 2801 945 2838 esse
968 2783 1076 2838 tabulae
1095 2785 1149 2836 iam
1167 2784 1262 2838 Ursino
1282 2785 1412 2853 liquebat,
1429 2782 1551 2854 quomodo
1567 2797 1582 2832 2

412 2870 482 2922 inter
500 2886 528 2921 se
547 2870 601 2921 sint
627 2869 761 2936 iungenda
784 2870 875 2922 nostra
893 2869 1000 2921 demum
1022 2872 1113 2924 aetate
1131 2869 1277 2940 docuerunt
1296 2870 1424 2924 Klenzius
1444 2873 1470 2924 et
1488 2866 1583 2921 Rudorl

414 2956 454 3015 et,
477 2954 522 3020 qui
544 2952 577 3005 ad
600 2954 680 3006 finem
704 2969 759 3006 rem
783 2953 919 3021 perduxit,
947 2955 1127 3009 Mommsenus
1150 2956 1178 3007 in
1196 2955 1226 3008 C.
1246 2954 1266 3009 I.
1285 2955 1316 3008 L.
1352 2956 1405 3021 Qui
1433 2956 1540 3024 quidem
1555 2957 1583 3005 to

413 3037 522 3091 tabulae
541 3037 659 3104 effigiem
677 3039 822 3104 composuit
846 3040 928 3103 (cuius
946 3041 1070 3106 gencrale
1091 3041 1133 3092 hio
1152 3039 1237 3093 adieci
1255 3041 1385 3106 schema),
1405 3041 1476 3094 unde
1496 3044 1553 3093 tam
1570 3038 1583 3090 h

413 3126 562 3176 mentorum
580 3139 659 3190 quam
677 3123 830 3198 lacunarum
848 3125 925 3187 ratio,
944 3126 972 3177 et
991 3127 1055 3192 quot
1073 3125 1125 3178 fere
1144 3125 1171 3176 in
1186 3123 1304 3178 hiatibus
1320 3125 1451 3193 perierint
1461 3126 1568 3187 literae,

412 3208 485 3260 nosci
508 3208 598 3275 possit.
635 3207 737 3261 Tabula
760 3209 867 3277 integra
889 3211 970 3262 latior
994 3209 1046 3263 fuit
1069 3226 1148 3277 quam
1165 3210 1258 3277 altior3
1281 3210 1309 3261 in
1332 3209 1512 3263 latitudinem
1531 3213 1583 3278 patr

383 3331 385 3336 ·
412 3293 472 3360 plus
490 3293 506 3346 2
524 3295 611 3346 metra
629 3309 734 3347 necesse
754 3297 803 3358 est,
822 3295 849 3347 in
868 3293 1042 3348 altitudinem
1059 3294 1088 3347 id
1107 3294 1175 3362 quod
1193 3293 1271 3347 bodie
1290 3298 1411 3362 superest
1421 3296 1485 3359 0,82
1496 3312 1534 3347 222.
1546 3309 1583 3347 222

413 3392 497 3444 neque
519 3394 579 3430 vero
603 3378 630 3429 in
649 3378 701 3430 fine
720 3379 835 3432 multum
853 3380 942 3433 deesse
961 3379 1075 3433 videtur.
1112 3380 1185 3445 Quae
1207 3373 1295 3431 omnia
1319 3381 1472 3432 accuratius
1495 3381 1583 3448 explar

414 3461 471 3515 Mo.
489 3463 517 3514 u
536 3462 564 3516 2.
583 3463 607 3516 2.
626 3463 708 3529 nr,
726 3450 845 3518 222-22..
864 3495 897 3502 -
922 3465 948 3528 a)
969 3463 997 3517 2.
1016 3464 1039 3516 1.
1059 3465 1141 3527 22,
1162 3468 1203 3518 42.
1228 3481 1256 3518 n.
1279 3468 1339 3517 222.
1365 3464 1425 3528 aa,
1451 3465 1511 3517 aab.
1539 3470 1583 3518 23-

414 3547 541 3611 Rndcrff,
559 3547 597 3600 ad
614 3548 662 3617 lep.
680 3548 749 3602 Acii.
769 3549 801 3602 de
814 3565 873 3616 pcc.
891 3555 972 3618 repet
990 3553 1069 3602 1862.
1102 3549 1144 3604 De
1163 3548 1317 3616 repetundis
1336 3550 1404 3601 hanc
1423 3550 1524 3617 legem
1546 3567 1583 3604 ess

413 3637 482 3696 tam,
505 3650 537 3686 err
560 3634 644 3700 ipsius
662 3650 739 3686 versu
756 3635 773 3686 3
790 3637 866 3701 patet
874 3635 1042 3702 ;tZampias
1061 3633 1152 3701 (Rom.
1171 3634 1252 3688 (22222.
1271 3633 1307 3687 R.
1325 3634 1366 3698 ΙΙ,
1385 3638 1411 3698 1,
1428 3638 1583 3689 ron-116

413 3718 530 3770 noralem
552 3717 584 3770 de
608 3718 815 3784 magistratuum
833 3719 938 3772 delictis
960 3719 1048 3786 legem
1067 3719 1232 3773 iudiciariam
1255 3718 1335 3772 fuisse
1359 3719 1521 3774 contendit
1564 3723 1583 3774 L

414 3819 470 3854 esse
489 3802 629 3854 Serviliam
647 3803 852 3870 repetundarum
871 3807 902 3868 (2.
922 3820 945 3855 a.
965 3804 1038 3868 6432,
1058 3804 1131 3856 22222
1151 3805 1219 3872 apud
1237 3803 1388 3862 Ciceronem
1406 3802 1440 3852 fit
1462 3807 1583 3860 mentio

415 3885 475 3938 inde
498 3903 513 3938 a
532 3886 640 3951 Sigonio
658 3887 746 3954 (1574)
766 3888 911 3940 communis
934 3887 987 3940 fuit
1006 3888 1106 3954 opinio,
1126 3884 1200 3956 quae,
1219 3889 1281 3941 licet
1299 3887 1352 3938 iarn
1371 3885 1404 3938 ab
1422 3885 1583 3955 Augustin

416 3986 471 4021 non
480 3969 575 4022 Ursino
594 3971 752 4038 impugnata
770 3973 815 4034 222,
834 3972 915 4026 etiarn
933 3971 1068 4024 aKlenzio
1086 3973 1235 4037 tenebatur,
1254 3972 1299 4041 qui
1317 3987 1340 4023 a.
1350 3970 1418 4024 1825
1435 3973 1560 4039 primus
1581 3993 1583 4002 ⁴

417 4054 511 4121 legem,
530 4054 644 4120 singulis
662 4055 820 4122 fragmentis
838 4059 910 4110 certa
928 4055 1030 4108 ratione
1045 4057 1199 4120 coniunctis,
1217 4059 1270 4110 isto
1288 4056 1392 4110 nomine
1411 4056 1583 4123 inscriptam

417 4137 465 4190 dit.
501 4138 566 4190 Post
590 4154 668 4204 quem
690 4141 867 4194 Mommsenus
891 4142 979 4208 legem
1004 4155 1060 4193 esse
1084 4141 1198 4194 Aciliam
1222 4145 1255 4207 (2,
1279 4141 1489 4207 6312226322,
1513 4145 1555 4197 ab
1579 4163 1583 4196 2

344 4215 349 4226 ”
419 4222 544 4275 Cicerone
563 4222 709 4288 laudatam,
727 4223 929 4290 demonstravit,
948 4226 990 4278 cui
1008 4225 1081 4278 novis
1099 4225 1199 4279 additis
1217 4226 1383 4293 argumentis
1401 4225 1541 4282 adsensit
1566 4249 1583 4298 q

418 4306 491 4360 122222.
516 4308 533 4361 l.
553 4324 573 4360 e.
589 4324 618 4374 p.
638 4311 751 4360 421-8.
787 4309 936 4362 Novissime
959 4310 991 4362 de
1019 4310 1087 4376 legis
1111 4313 1268 4378 argumento
1291 4310 1528 4376 disputaverunt:
1558 4315 1583 4367 Z

419 4389 496 4444 1222222.
517 4391 597 4445 orara.
616 4390 703 4444 1222222
719 4392 761 4458 ΙΙ,
785 4397 814 4454 1,
837 4397 878 4446 99,
915 4395 1048 4456 Huschke,
1070 4393 1156 4448 ΖΕΘ.
1174 4399 1199 4459 5,
1218 4398 1260 4448 46.
1280 4425 1312 4434 —
1330 4395 1363 4447 In
1381 4395 1433 4448 hac
1454 4413 1527 4452 mea
1551 4399 1583 4453 ed

419 4464 523 4526 tartum
545 4493 560 4528 a
578 4476 743 4528 Mommseno
766 4478 942 4530 constitutum
963 4479 1062 4545 recepi,
1087 4479 1116 4530 in
1138 4479 1291 4547 supplendis
1314 4479 1416 4531 lacunis
1442 4481 1477 4533 in
1500 4485 1583 4551 quib

421 4555 585 4611 Rudorffium
607 4565 720 4614 secutus.
755 4560 846 4628 Neque
871 4577 931 4614 vero
955 4562 1075 4616 universa
1099 4579 1187 4615 eorum
1212 4562 1299 4629 recepi
1325 4567 1544 4633 supplementa,
1573 4588 1583 4624 s
