3328 5356
251 481 253 484 Ι
304 401 369 466 280
840 394 994 462 Scriptores.

305 571 384 636 terii
405 569 561 634 tabernas
587 567 767 634 occludam.
809 567 925 632 Patres
957 571 1109 632 censeant
1142 583 1321 647 exquaeras
1352 571 1386 632 et
1414 567 1528 632 adesse

269 694 270 697 ¹
306 673 433 750 iubeas3
462 671 675 750 magistratus
705 672 859 734 censeant
882 671 1082 750 exqaacraa,¹
1104 667 1248 734 consules
1271 672 1438 747 praetores
1467 669 1527 732 tri-

307 772 471 853 bunosque
501 771 604 852 plebis
634 771 840 852 collegasque
873 769 971 852 (t)ucs
1001 769 1094 834 etin
1122 768 1242 849 templo
1273 768 1387 834 adesse
1414 769 1528 834 iubeas

306 875 442 953 omnes&
465 891 504 938 ac
524 891 596 938 cum
618 874 742 951 meras,
765 871 945 936 contionem
968 869 1083 936 voces'.

391 971 440 1052 92.
462 973 501 1038 ln
523 974 635 1040 eodem
658 973 889 1039 commentante
914 971 1144 1054 acquisitionis
1168 971 1210 1036 ad
1235 975 1414 1035 extremum
1432 973 1529 1051 scrip-

306 1084 374 1142 tum
398 1079 498 1156 caput
521 1075 619 1140 edicti
637 1075 696 1140 hoc
719 1079 783 1139 est:
811 1075 905 1139 ‘Item
928 1073 1016 1155 quod
1039 1074 1182 1154 attingat
1204 1072 1260 1154 qui
1282 1071 1321 1136 de
1344 1072 1529 1136 censoribus

306 1178 474 1244 classicum
497 1177 539 1242 ad
562 1177 693 1242 comitia
715 1176 900 1240 centuriata
924 1176 1129 1255 redemptum
1148 1175 1278 1252 habent,
1296 1173 1475 1239 uti'curent
1491 1192 1528 1238 eo

306 1281 367 1359 die,
400 1297 467 1360 quo,
497 1275 549 1343 die
579 1277 709 1342 comitia
738 1282 847 1357 crunt,
879 1278 913 1341 in
941 1295 1015 1341 arce
1046 1277 1196 1342 classicus
1220 1279 1317 1340 canat
1347 1275 1529 1355 circumque

307 1399 415 1445 muros
443 1384 477 1444 et
498 1381 580 1444 'ante
607 1379 728 1459 privati
755 1373 902 1444 huiusce
917 1378 958 1463 Τ.Δ
976 1377 1105 1455 Quincti
1132 1377 1210 1443 Roci
1237 1377 1386 1442 scelerosi
1414 1377 1529 1442 ostium

309 1487 414 1561 canat,
437 1485 471 1546 et
494 1481 586 1545 utin
609 1497 720 1561 campo
743 1499 816 1545 curn
838 1481 942 1562 primo
963 1479 1028 1545 luci
1052 1478 1183 1545 adsit'.'

392 1579 442 1646 93.
468 1582 511 1647 Et
542 1582 627 1646 inter
657 1583 691 1647 id
718 1601 790 1647 cum
818 1582 939 1648 circum
966 1599 1076 1646 muros
1107 1581 1250 1648 mittitur
1273 1587 1306 1646 et
1329 1599 1402 1646 curn
1425 1580 1529 1645 contio

309 1685 498 1762 advocatur,
508 1684 665 1749 interesse
681 1688 810 1765 tempus
830 1689 967 1766 apparet
985 1701 1024 1748 ex
1042 1684 1082 1748 iis
1100 1701 1182 1765 quae
1200 1684 1326 1748 interea
1343 1679 1415 1746 fieri
1434 1682 1529 1761 scrip-

309 1791 378 1850 tum
402 1791 461 1850 est.
508 1783 571 1852 Sed
594 1786 635 1850 ad
659 1785 859 1850 comitiatum
880 1790 1016 1850 vocatur
1038 1785 1177 1866 populus
1199 1784 1281 1862 ideo,
1304 1783 1396 1865 quod
1411 1783 1475 1848 alia
1492 1783 1529 1847 de

230 1953 233 1959 ,
309 1905 406 1953 causa
434 1887 487 1953 hic
506 1887 723 1968 magistratus
745 1906 808 1953 non
832 1891 943 1973 potest*
963 1887 1138 1952 exercitum
1162 1887 1321 1952 urbanum
1344 1901 1529 1960 convocare;

308 2006 434 2067 censor,
467 1989 592 2069 consul,
620 1989 775 2068 dictator,
804 1989 947 2054 interrex
969 1992 1090 2070 potest,
1114 1989 1199 2068 quod
1222 2005 1336 2052 censor
1358 1986 1528 2072 exercitum

308 2089 493 2155 centuriata
518 2089 685 2155 constituit
707 2089 988 2171 quinquennalem,
1011 2108 1106 2170 quom
1128 2089 1286 2153 lustrare⁸
1308 2092 1342 2152 et
1364 2087 1398 2152 in
1421 2087 1528 2152 urbem

311 2192 352 2256 ad
380 2191 530 2256 vexillum
558 2191 676 2256 ducere
706 2191 817 2270 debet3
848 2191 989 2256 dictator
1013 2196 1045 2255 et
1067 2190 1179 2256 consul
1201 2190 1234 2254 in
1258 2189 1402 2271 singulos
1425 2205 1529 2266 annos,

310 2293 395 2374 quod
417 2292 470 2358 bic
492 2293 647 2358 exercitui
670 2293 829 2374 imperare
851 2298 969 2374 potest,
990 2311 1052 2375 quo
1071 2297 1135 2372 eat,
1154 2291 1187 2356 id
1206 2292 1290 2373 quod
1309 2295 1446 2372 propter
1462 2307 1528 2354 cen-

310 2394 435 2462 turiata
457 2395 587 2460 comitia
605 2395 767 2475 imperare
785 2393 899 2460 solent.
935 2391 986 2459 94.
1009 2393 1121 2471 Quare
1135 2413 1197 2459 non
1218 2398 1269 2457 est
1284 2391 1430 2470 dubium,
1441 2393 1529 2473 quia4

309 2497 369 2562 hcc
393 2497 429 2560 in
452 2497 581 2562 licium
605 2497 656 2574 sit,
681 2515 776 2578 quom
799 2496 918 2562 circum
938 2514 1046 2562 muros
1064 2498 1141 2574 itan,
1159 2501 1197 2558 ut
1216 2493 1353 2575 populus
1372 2493 1528 2558 inliciatur

309 2599 350 2663 ad
368 2599 581 2680 magistratus
600 2601 812 2679 conspectum,
832 2598 986 2678 quinitas
1004 2595 1131 2662 vacaro⁵
1150 2601 1266 2676 potest,
1277 2594 1310 2658 in
1330 2611 1403 2659 eum
1420 2594 1527 2670 locum,

311 2697 395 2763 unde
417 2717 478 2763 vax
500 2699 542 2763 ad
565 2699 745 2763 contionem
767 2699 912 2762 vocantis
934 2698 1081 2762 exaudiri
1103 2697 1215 2780 possit.
1237 2734 1280 2744 —

396 2797 447 2890 953
470 2798 539 2863 Hoc
560 2817 646 2863 nunc
669 2799 766 2862 aliter
786 2796 822 2863 fit
845 2801 942 2880 atque
966 2799 1051 2878 clim,
1071 2801 1158 2881 quod
1177 2817 1281 2881 augur
1299 2798 1425 2864 consuli
1443 2799 1527 2864 adest

311 2906 381 2966 tum
400 2917 472 2965 eum
488 2901 649 2965 exercitus
667 2900 854 2981 imperatur,
873 2917 912 2964 ac
929 2901 1046 2980 praeit,
1063 2901 1141 2982 quid
1160 2919 1233 2964 eum
1254 2901 1361 2964 dicere
1377 2902 1525 2980 oporteat.

312 3001 430 3068 Consul
457 3002 573 3083 auguri
599 3002 758 3083 imperare
788 3001 882 3080 solet,
915 3006 952 3067 ut
973 3001 1031 3083 (in)
1057 3002 1166 3067 licium
1189 3006 1291 3081 vocet,
1314 3017 1379 3066 non
1403 3017 1526 3066 accenso

313 3109 370 3168 aut
396 3104 558 3185 praeconi.
603 3104 640 3169 ld
662 3105 828 3185 inceptum
854 3106 963 3185 credo,
991 3103 1064 3170 cum
1086 3122 1150 3168 non
1174 3105 1303 3170 adesset
1327 3118 1478 3168 accensus
1499 3103 1527 3164 et

211 3223 212 3227 ¹
312 3205 392 3268 nihil
419 3205 591 3285 intererat,
621 3205 696 3288 quoi
718 3206 910 3286 imperaret;
931 3207 975 3271 'et
992 3207 1078 3271 dicis
1101 3223 1199 3271 causa
1221 3202 1346 3278 fiebant,
1366 3203 1526 3286 quaedam,

312 3323 417 3386 nequo
439 3307 517 3370 item
539 3304 627 3371 iacta
649 3325 754 3388 neque
777 3308 854 3375 item
877 3308 965 3372 dicta
988 3325 1122 3388 semper.

592 3523 597 3530 ,
858 3473 916 3528 Lib.
935 3474 994 3528 Vll.
1404 3509 1407 3518 »

401 3557 449 3622 15.
473 3594 515 3603 -
538 3557 769 3625 amfractum
793 3565 842 3626 est
865 3559 991 3640 flexum,
1010 3562 1051 3626 ab
1068 3561 1191 3642 origine
1211 3560 1330 3642 duplici
1346 3560 1475 3637 dictum,
1493 3553 1527 3620 ab

314 3663 439 3728 ambitu
467 3669 500 3727 et
527 3662 721 3746 frangend03
753 3666 793 3730 ab
816 3683 853 3729 eo
876 3663 963 3746 leges
985 3665 1095 3730 iubent
1117 3665 1150 3731 in
1174 3665 1296 3730 directo
1320 3666 1438 3747 pedum
1461 3656 1528 3725 Vlll

314 3783 392 3843 esse,
415 3765 447 3830 iu
471 3763 626 3831 amfractc
649 3764 736 3846 XVI,
759 3767 780 3831 i.
803 3785 830 3830 e.
853 3767 885 3830 in
909 3765 1002 3831 flexu.

333 3931 335 3936 .
400 3865 450 3928 bl.
474 3864 699 3948 Supremam
719 3887 738 3932 a
761 3885 951 3950 superrumo
975 3869 1111 3948 dictum3
1136 3869 1247 3950 itaque
1270 3868 1304 3931 in
1323 3866 1387 3931 llll
1410 3866 1471 3931 tab.
1487 3862 1528 3925 di·

315 3973 407 4032 cunt:
438 3967 524 4034 ‘solis
547 3986 663 4034 occasu
686 3970 750 4034 diei
770 3973 1120 4052 suprema-tempestas
1143 3967 1231 4034 esto’.

400 4069 450 4133 93.
471 4107 515 4114 —
538 4071 678 4152 iurgio,
702 4072 722 4137 i.
738 4090 765 4136 e.
782 4071 911 4149 litibus3
935 4072 1047 4152 itaque
1066 4072 1182 4152 quibus
1201 4089 1252 4135 res
1271 4075 1344 4135 erat
1362 4071 1396 4134 in
1415 4071 1528 4134 contro·

295 4173 430 4259 uersia,
454 4191 493 4238 ea
516 4173 693 4238 vocabatur
716 4173 779 4237 lis:
802 4166 875 4237 ideo
897 4173 930 4236 in
953 4171 1134 4237 actionibus
1157 4173 1303 4237 videmus
1323 4171 1404 4236 dici:
1427 4167 1528 4244 ‘Quam

318 4303 475 4312 --——---.
482 4307 520 4312 ...-

386 4360 411 4414 ll
430 4359 548 4412 ‘censeat
566 4373 598 4411 ex
616 4357 678 4411 ara'.
697 4385 731 4396 -
749 4357 775 4422 2)
793 4356 937 4412 ‘hominest
957 4387 990 4396 -
1007 4357 1033 4421 3)
1051 4355 1203 4409 lustraret.
1214 4355 1284 4424 '‘4)
1295 4356 1398 4423 ‘quom'.
1409 4346 1530 4416 -tl‘qui

317 4455 359 4492 ros
377 4441 481 4494 vccarr'.
