3296 5370
339 434 401 498 154
799 429 893 484 Edicta
911 432 1069 496 praetorum.

337 625 398 696 qne
422 605 599 687 pecuniam,
623 621 695 668 eum
718 602 994 681 constituebatur,
1017 600 1159 668 debitam
1179 599 1321 680 .iuisse,1
1349 646 1357 662 .
1385 650 1392 664 .
1421 649 1428 664 .
1453 598 1572 680 (3137.

336 707 737 792 D13,3,1,‚·113,3‚·
759 706 809 782 13
834 703 875 786 1)

370 808 449 870 3
471 807 564 884 Quod
586 807 659 887 quis
682 805 898 872 commodasse
922 805 1008 870 dicet
994 810 1056 886 tur,
1077 805 1119 872 de
1141 824 1177 870 eo
1197 805 1371 898 iudicium
1395 803 1493 868 dabo.
1527 800 1571 884 (1

334 917 388 976 33.
411 911 455 976 D
475 915 524 988 13
545 913 574 990 3
599 908 699 991 333.)
1559 937 1560 940 ι

419 1011 461 1095 (6.
484 1011 752 1094 Depipacrot
738 1012 817 1074 3333
839 1015 897 1074 oct
901 1009 1006 1074 13333.
1044 1009 1079 1074 U.
1101 1013 1155 1072 23.
1180 1008 1227 1072 D.
1249 1013 1303 1086 13,
1331 1007 1384 1090 7.)

419 1113 527 1192 Quod
549 1133 630 1179 curu
649 1132 710 1193 33,
733 1113 795 1194 qni
817 1113 856 1176 in
875 1111 1008 1175 aliena
1039 1115 1243 1190 potestate
1269 1115 1353 1190 est,
1382 1111 1569 1191 negotium

335 1221 479 1298 gestum
512 1233 594 1280 3333
625 1215 790 1279 dicetur.
844 1210 952 1295 (1-3.
983 1212 1023 1276 de
1054 1213 1309 1291 exercitoria,
1345 1214 1568 1288 3333133333,

335 1318 717 1383 333333333333313333.
746 1317 805 1384 11.
827 1319 882 1380 28.
905 1317 959 1378 29.
982 1313 1016 1378 D
1040 1319 1095 1394 131,
1119 1319 1147 1380 1.
1171 1319 1201 1380 3.
1224 1313 1271 1398 4.)

421 1416 451 1482 4.
474 1420 511 1484 13
535 1438 616 1496 cum,
639 1411 699 1500 qui‘
716 1418 939 1498 emancipatus
962 1422 1021 1482 aut
1040 1417 1257 1488 exheredatus
1281 1419 1371 1497 erit,
1399 1419 1505 1500 quive
1529 1417 1566 1481 ab·

336 1522 451 1586 stirmit
474 1540 507 1585 se
530 1520 716 1586 hereditate
738 1521 816 1600 3133,
849 1521 940 1586 33133
964 1520 996 1582 13
1015 1523 1178 1600 potestate
1206 1537 1278 1600 cum
1299 1521 1460 1587 moritur
1480 1519 1567 1585 fuerit

336 1625 406 1688 eius
428 1624 475 1688 rei
498 1624 634 1702 nomino,
659 1641 741 1704 quae
764 1641 836 1688 cum
859 1641 896 1686 eo
920 1627 1086 1686 contracta
1109 1621 1181 1700 erit,
1205 1639 1278 1689 cum
1303 1622 1334 1686 is
1355 1623 1394 1686 in
1418 1628 1568 1704 potestate
1599 1607 1600 1652 1

339 1731 431 1799 33333,
459 1725 524 1789 sive
547 1744 607 1792 sua
629 1721 806 1804 voluntate,
829 1725 896 1788 siue
919 1725 1010 1788 iussu
1033 1725 1102 1788 eins
1125 1724 1157 1788 in
1183 1724 1275 1788 cuius
1305 1729 1496 1804 potestate
1518 1727 1566 1790 erit.

337 1826 549 1905 contraxerit,
583 1826 649 1890 sive
676 1827 710 1890 in
736 1825 898 1906 peculium
921 1826 1038 1906 ipsius,
1071 1826 1138 1890 sivo
1168 1825 1202 1891 in
1235 1827 1494 1906 patrimonium
1521 1829 1565 1892 ein

338 1929 429 1992 euius
456 1932 680 2012 inpotestate
703 1927 864 2000 13331333
891 1945 944 1992 333
971 1928 1113 1992 redacta
1135 1925 1249 2006 fuerit,
1274 1928 1460 1994 actionem
1495 1950 1564 1996 cans

336 2032 466 2112 cognita
490 2031 572 2095 dabo
599 2031 632 2094 in
657 2027 742 2111 quod
760 2028 868 2094 facere
891 2031 1007 2109 potest.
1051 2027 1106 2111 (11.
1129 2032 1183 2094 29.
1205 2028 1249 2093 D.
1272 2030 1324 2108 14,
1351 2035 1385 2110 5,
1414 2038 1444 2096 2
1466 2031 1532 2116 prr.)

419 2131 448 2196 5.
480 2130 572 2208 Quod
596 2149 666 2198 cnm
690 2149 746 2210 eo,
771 2131 883 2214 quiin
906 2131 1039 2196 alterius
1067 2135 1230 2212 potestate
1261 2137 1371 2214 33333,
1412 2139 1564 2219 negotion

335 2239 463 2316 gestum
479 2234 570 2314 erit„
583 2233 695 2315 ..(aut
713 2233 1357 2314 3133333113,333’(13131331ιι3333,333
1380 2239 1543 2318 quod
1500 2257 1564 2304 mut

336 2335 574 2416 3333133313.)
615 2333 671 2418 (11.
692 2337 746 2400 29.
769 2335 813 2400 D
835 2333 1100 2418 15,1,pr..-2)
1282 2339 1284 2345 '

420 2435 449 2500 6.
474 2435 551 2502 Post
537 2440 650 2504 ttmor
654 2455 704 2500 em
721 2437 799 2516 3133,
820 2437 875 2518 qui
894 2437 927 2502 in
946 2436 1152 2502 alteriust
1096 2455 1137 2520 po
1139 2441 1263 2503 testate
1279 2435 1404 2522 fuerit,
1427 2451 1565 2524 postero

336 2558 432 2620 quam
450 2540 477 2604 is
501 2539 724 2618 emancipatus
743 2539 962 2605 manumissus
981 2539 1182 2605 alienatusve
1198 2537 1310 2620 fuerit,
1336 2541 1527 2612 dumtaxat
1544 2547 1567 2610 o

337 2640 463 2722 peculio
486 2645 519 2704 et
542 2641 569 2706 si
592 2640 669 2720 quid
693 2639 765 2704 doio
788 2642 873 2706 malo
896 2641 975 2721 3133,
998 2641 1031 2706 13
1055 2641 1146 2706 33133
1168 2645 1340 2721 potestate
1368 2653 1441 2728 est,
1467 2650 1567 2716 factm

338 2743 401 2806 3313
428 2759 491 2821 quo
513 2741 619 2806 minus
642 2741 759 2822 peculii
780 2748 873 2821 esset,
895 2744 928 2808 in
953 2761 1050 2822 anno,
1074 2761 1137 2824 quo
1160 2743 1303 2824 primum
1333 2747 1381 2814 de
1409 2769 1456 2816 ea
1481 2773 1516 2818 re
1535 2770 1568 2815 er·

339 2843 489 2924 pertundi
512 2847 657 2923 potestas
680 2844 752 2922 erit,
775 2845 927 2932 iudicium
950 2846 1043 2912 dabo.
1087 2843 1142 2928 (11.
1164 2848 1219 2909 29.
1241 2847 1288 2936 D.
1311 2849 1368 2930 15,
1396 2858 1437 2932 2,
1465 2855 1555 2938 133.)

315 3037 317 3042 Ι
423 2943 477 3008 113
501 2945 706 3024 deposito.²
749 2945 841 3022 Quod
863 2965 968 3030 neque
991 2947 1151 3012 tumultus
1169 2965 1277 3028 neque
1299 2949 1468 3022 incendii
1491 2973 1570 3038 nequo

340 3048 454 3112 ruinae
468 3065 573 3127 neque
592 3046 755 3129 naufragii
774 3068 871 3113 eausa
890 3050 1073 3130 depositum
1092 3050 1144 3129 sit,
1165 3050 1199 3113 in
1219 3051 1400 3136 simplum,
1424 3079 1467 3133 ex
1482 3077 1569 3126 aaron

341 3154 451 3214 antem
469 3167 692 3232 rerumquae
711 3170 812 3234 supra
829 3151 1080 3236 comprehensae
1096 3154 1180 3233 sunt,
1198 3153 1233 3217 in
1250 3152 1370 3236 ipsum
1389 3160 1435 3226 in
1449 3164 1569 3246 dupino.

340 3253 372 3316 in
391 3251 541 3316 heredem
562 3253 629 3316 eius
648 3254 734 3334 quod
752 3254 824 3317 dolo
842 3254 928 3317 malo
947 3252 1156 3318 cinefactum
1175 3271 1247 3318 esse
1257 3256 1415 3344 dicetur,
1438 3269 1495 3348 qui
1512 3283 1572 3330 mor-

340 3358 424 3450 3333Ι
435 3355 487 3434 313,
497 3356 529 3418 in
547 3355 706 3436 simplum,
718 3355 802 3436 quod
812 3355 925 3436 ipsius,
942 3355 973 3418 13
991 3355 1451 3436 (13313331331131333313133.3
1477 3367 1572 3452 (lito.
1599 3385 1600 3416 ι

340 3456 384 3521 D.
407 3461 457 3536 13,
480 3461 509 3535 3,
534 3463 562 3536 1,
587 3455 633 3540 1.)

427 3559 497 3638 (113
519 3561 668 3624 actione
687 3559 1097 3644 333331333333333313,
1117 3559 1229 3642 cerapta'
1248 3566 1573 3652 33333333,4333333

340 3661 522 3726 3333313331.
564 3662 598 3728 U.
621 3663 669 3726 31.
692 3666 744 3726 32.
767 3662 810 3726 D.
833 3660 978 3743 17-19.)
1599 3723 1600 3740 ,

427 3763 557 3844 (11333
579 3765 728 3842 uxorio,
751 3783 873 3828 3333333
895 3769 1110 3828 craecorum.
1151 3762 1187 3830 U.
1210 3768 1264 3826 33.
1289 3772 1348 3832 34:
1377 3774 1429 3840 D,
1454 3781 1508 3841 24,
1526 3771 1575 3851 211
1599 3807 1600 3818 ι

426 3866 479 3930 De
497 3867 746 3948 inspiciendo
769 3871 917 3932 ventre.
962 3865 996 3930 Si
1026 3865 1143 3931 mulier
1173 3870 1309 3956 mortuo
1340 3879 1477 3944 marito
1503 3891 1600 3960 prae*

342 3973 495 4049 guantem
514 3986 547 4032 se
563 3986 633 4034 esse
652 3969 745 4048 dicet,
764 3968 824 4048 his,
837 3969 878 4032 ad
897 3985 975 4049 quos
994 3986 1102 4032 cares
1120 3967 1316 4051 pertinebit,
1338 3977 1573 4055 praematuris

342 4087 462 4149 eorum,
485 4068 535 4132 bis
557 4069 589 4132 in
612 4089 719 4135 mense
748 4059 1003 4135 denuntiandum
1026 4075 1128 4149 curet,
1153 4073 1190 4132 ut
1221 4071 1389 4159 mittant,
1423 4083 1454 4146 si
1484 4080 1574 4150 velint,

411 4206 436 4266 1)
458 4204 498 4259 De
516 4204 564 4258 hoc
582 4204 669 4258 edicto
692 4205 724 4260 ef.
743 4205 831 4260 ΖΕΘ.
850 4209 874 4268 1,
892 4207 986 4258 43-8,
1009 4233 1042 4242 -
1060 4204 1086 4270 2)
1104 4204 1135 4256 In
1159 4203 1227 4270 diga
1247 4200 1391 4274 ‘depositi
1416 4217 1463 4269 vel
1481 4207 1571 4272 contra‘,

342 4287 370 4339 in
388 4289 443 4342 eod.
463 4289 542 4358 Greg.
561 4293 588 4343 et
607 4289 695 4342 Herm.
717 4289 797 4356 (Coll.
818 4291 859 4354 10,
876 4289 900 4342 2.
919 4287 966 4357 8.):
986 4287 1180 4356 ‘de'deposito'.
1199 4319 1234 4326 —
1252 4291 1283 4356 3)
1304 4291 1462 4366 Duplieem
1481 4295 1574 4354 aetionis

343 4371 489 4437 formulam,
516 4376 572 4426 taur
596 4375 625 4428 in
648 4375 689 4428 ius
713 4390 791 4442 quam
817 4375 846 4427 in
863 4373 963 4427 factum
987 4377 1148 4441 conceptam,
1173 4389 1197 4428 u.
1217 4373 1285 4429 Gai.
1306 4383 1341 4444 4,
1362 4387 1411 4437 47.
1435 4416 1471 4424 —
1487 4385 1512 4451 4)
1527 4382 1574 4436 For·

344 4455 443 4508 mulam
459 4458 570 4512 actionis
589 4475 613 4512 v.
632 4459 695 4514 Gai.
714 4463 737 4522 4,
756 4463 799 4512 40.
818 4461 860 4511 41.
879 4461 938 4512 131.
958 4457 1012 4512 Cic.
1031 4457 1063 4512 dc
1086 4457 1129 4524 off.
1147 4459 1172 4520 3,
1191 4459 1233 4524 13,
1253 4455 1301 4516 36ss
