3346 5344
636 449 690 504 Lex
705 449 838 504 Mamilia.
1069 510 1073 520 ¹
1286 455 1351 522 105

123 617 416 698 coercendorum,
434 623 650 685 testaceorum
665 598 897 705 aeuumpaa'to,
916 623 1033 688 aeneid
1047 624 1234 694 ob‘eomrem
1243 629 1351 694 mlada

124 725 233 786 rotam
250 726 326 800 esto,
348 718 445 804 quod]
463 720 496 785 in
518 722 624 787 locum
648 741 777 790 suorum
800 724 847 789 sui
876 723 1010 790 heredes
1033 728 1235 795 ιιιιιιιιιιιιι.ι

1260 917 1271 928 *¹
1284 875 1389 984 ”viam

398 971 401 982 ⁵
514 992 543 1062 9.
585 993 711 1078 Leges
733 991 955 1062 colonicae²
1275 1031 1278 1038 ¹
1330 990 1393 1073 pul

261 1152 387 1208 anax
408 1149 561 1208 Mamilia
582 1153 710 1210 Roscia
730 1153 894 1210 Peducea
913 1153 1053 1212 Alliena
1073 1153 1212 1216 Fabia·8
1241 1079 1391 1208 *wls

214 1299 296 1366 LIII.
341 1298 430 1378 Quae
460 1299 585 1368 colonia
616 1299 678 1368 hae
707 1299 779 1384 lege
811 1301 948 1370 deducta
914 1301 1102 1384 tquodve
1138 1302 1350 1386 municipium

128 1400 330 1483 praefectura
356 1399 460 1466 forum
482 1401 730 1470 conciliabulum
748 1403 960 1472 constItntum
982 1405 1054 1486 erit,
1084 1405 1140 1488 qui
1162 1423 1242 1488 ager
1262 1405 1348 1472 intra
1411 1478 1414 1485 ,

127 1501 206 1570 fines
228 1519 338 1568 eorum
360 1502 433 1583 erit,
456 1504 512 1585 qui
530 1503 692 1570 termini
683 1523 717 1570 ιιι
735 1521 773 1570 eo
791 1514 870 1586 agro
887 1505 1007 1572 statuti
1025 1513 1213 1588 eruntque
1231 1507 1264 1574 in
1279 1507 1351 1574 loco

127 1605 284 1670 terminus
305 1623 369 1672 non
391 1603 566 1686 stabitin
532 1623 632 1672 meo
657 1605 758 1672 loeo
749 1623 793 1687 rs,
817 1606 907 1674 euius
928 1606 957 1674 is
978 1625 1059 1690 ager
1080 1607 1153 1688 erit,
1174 1609 1348 1676 terminum

125 1707 362 1774 restituendum
392 1711 526 1789 ourat‚o
557 1707 608 1776 uti
637 1707 722 1792 quod
750 1711 839 1776 reete
806 1706 931 1774 tctfac
916 1712 986 1776 tum
1020 1726 1090 1778 esse
1120 1709 1219 1790 volet,
1192 1709 1350 1792 tidque

124 1808 353 1892 magistratus,
381 1809 437 1891 qui
463 1809 497 1874 in
528 1827 568 1876 eu
589 1809 714 1877 colonia
735 1810 908 1893 municipio
930 1809 1132 1894 praefectura
1153 1810 1221 1879 loro
1244 1811 1350 1879 conci·

125 1910 249 1978 IIabulo
271 1911 343 1976 iure
363 1910 505 1976 dicundo
527 1911 680 1992 praeerit,
702 1907 784 1978 facit
805 1916 843 1978 ut
863 1909 931 1980 fiat.
967 1980 968 1989 ,

210 2012 310 2079 LIIII.
361 2009 422 2089 Qui
451 2012 572 2078 limites
603 2012 826 2096 decimanique
855 2013 917 2082 hac
946 2013 1035 2096 lege*
1068 2014 1214 2083 deducti⁶
1244 2019 1350 2096 erunt,

125 2133 347 2199 quaecumque
368 2113 476 2182 fossae
496 2113 634 2182 ιίιιιιιιι6
653 2115 688 2180 in
710 2133 748 2180 eo
770 2133 848 2198 agro
871 2119 976 2196 crunt,
999 2115 1055 2198 qui
1078 2133 1157 2197 ager
1178 2115 1240 2181 hac
1261 2115 1351 2198 logei

125 2219 222 2284 datus
243 2217 435 2299 adsignatus
457 2216 529 2297 erit,
551 2234 592 2280 no
614 2216 687 2298 quis
705 2213 780 2284 cos⁸
795 2216 917 2284 limites
939 2215 1179 2284 ceolmcuosvo⁹
1197 2218 1352 2298 obseptos

125 2450 259 2522 ‘sequenti
275 2455 351 2521 parte
364 2451 452 2506 -ita
468 2451 700 2521 iuterpretandom
715 2453 766 2519 ιιι,
783 2454 815 2507 ut
832 2452 857 2508 si
873 2454 903 2508 et
920 2451 1006 2508 filium
1024 2455 1053 2508 et
1069 2453 1193 2524 nopotem
1210 2454 1239 2508 et
1255 2467 1351 2522 prono·
1372 2495 1375 2504 .

125 2541 213 2608 potem
232 2533 342 2592 habeaa'
358 2541 405 2594 eu.

194 2625 220 2690 1)
238 2624 272 2678 L.
290 2622 431 2694 29515:
451 2619 604 2692 ‘posteriore
622 2622 710 2692 eapite
727 2637 779 2678 non
802 2621 936 2692 permittit
959 2622 1080 2688 inrtItnI,
1104 2622 1150 2680 aed
1167 2625 1246 2680 vetat
1261 2623 1349 2694 rumpi

125 2725 191 2764 neve
209 2709 242 2764 ob
260 2725 316 2764 eam
334 2725 390 2764 rom
412 2708 499 2762 minuo
516 2710 605 2762 ratum
618 2710 696 2775 esset,
706 2707 776 2778 qnod
784 2704 919 2764 emunit?
927 2707 965 2764 D.
974 2711 1020 2775 28,
1029 2712 1054 2779 3,
1063 2711 1112 2764 13:
1129 2705 1296 2765 ‘nominatim
1313 2735 1349 2750 -

124 2797 248 2864 nepotem
263 2824 296 2834 -
311 2809 417 2850 necesse
435 2791 669 2849 eet-instituere
687 2793 730 2848 rel
743 2793 910 2862 exheredare,
926 2809 959 2848 ne
973 2823 1006 2833 -
1015 2793 1180 2850 succedendo
1189 2795 1351 2864 -rumpat,

125 2909 160 2918 -
180 2879 260 2947 idque
283 2879 343 2946 lego
361 2873 438 2932 lunia
455 2877 549 2932 Vellea
572 2879 706 2947 provisum
730 2875 788 2932 eot’.
821 2907 855 2918 -
886 2880 913 2944 2)
930 2877 1027 2948 Leges,
1051 2879 1148 2950 quibus
1170 2879 1348 2936 Romanorum

126 2963 270 3031 municipia
294 2963 443 3018 coloniaeve
465 2963 669 3029 ordinabantur,
690 2963 847 3033 plerumque
872 2979 925 3018 non
949 2980 965 3018 a
987 2966 1084 3034 populo
1101 2965 1159 3034 ipso
1176 2965 1257 3020 datae
1275 2968 1349 3030 sunt,

126 3047 174 3102 sed
199 3063 247 3115 per
272 3049 342 3104 riroa
367 3048 413 3117 qui
438 3048 512 3115 leges
535 3047 632 3104 darent
658 3063 675 3102 a
696 3049 791 3117 populo
817 3049 971 3117 permissos,
997 3053 1029 3104 ut
1054 3051 1083 3106 ln
1108 3051 1127 3106 I.
1149 3050 1204 3106 Iul.
1229 3067 1303 3106 maa.
1325 3067 1347 3106 c.
1371 3059 1376 3076 ·

125 3135 163 3186 30
189 3130 292 3186 dictum
317 3134 372 3187 eat:
408 3128 484 3198 ‘Quei
509 3133 568 3202 lege
594 3132 738 3202 permissus
765 3134 819 3198 eat,
845 3133 903 3186 utel
934 3132 1008 3202 leges
1030 3134 1059 3188 in
1084 3135 1227 3202 municipio
1254 3132 1351 3190 daret?

128 3217 214 3284 Leges
237 3217 328 3269 tamen
348 3216 412 3272 illae
429 3216 646 3286 appellabantur,
667 3217 759 3286 legum
780 3218 865 3271 ricem
886 3215 1060 3287 obtinebant,
1080 3218 1238 3288 legibusque
1256 3219 1346 3289 populi

13 3363 14 3372 χ
129 3317 208 3371 quam
225 3300 339 3354 maritae
356 3315 483 3356 consonae
501 3300 725 3372 concipiebantur,
734 3302 767 3354 ut
781 3300 859 3356 facile
868 3300 994 3355 confundi
1002 3317 1062 3356 cum
1071 3303 1105 3356 iis
1113 3303 1225 3371 possint,
1235 3303 1304 3372 quod
1314 3320 1349 3358 ne

13 3383 14 3387 ’
127 3387 205 3442 fieret
222 3385 389 3454 praemonuit
402 3383 459 3440 Mo.
475 3384 538 3440 cI.
551 3386 586 3441 L.
592 3389 617 3451 1,
623 3387 686 3449 263,
695 3386 741 3454 qui
754 3383 891 3439 etiamsub
899 3385 1263 3453 Imperatoribushuiusmodi
1273 3389 1350 3456 leges

127 3471 207 3526 datas
224 3485 282 3526 esee
300 3470 418 3526 ostendit
434 3471 464 3524 ln
480 3471 561 3526 libro:
580 3469 685 3525 Stadtr.
702 3487 725 3525 ι.
735 3469 841 3540 Motop.
857 3487 885 3525 a.
896 3470 975 3540 Solp.
991 3475 1138 3527 390-394.
1165 3471 1260 3537 Parva,
1278 3489 1347 3542 quae

127 3557 203 3612 nobis
225 3559 332 3612 servata
352 3559 416 3612 amnt
437 3556 566 3610 eiusmodi
584 3557 675 3625 legum
691 3556 853 3626 fragmenta,
873 3556 925 3612 huo
946 3557 1075 3628 congessi.
1092 3585 1128 3598 -
1143 3557 1171 3625 3)
1188 3558 1252 3612 Tria
1268 3558 1350 3614 bolus

128 3643 197 3710 legia
217 3642 307 3710 capita
328 3641 357 3695 in
374 3641 530 3696 collectIone
548 3642 708 3710 scriptorum
724 3641 930 3710 gromatioorum
948 3641 1024 3697 nobis
1045 3647 1150 3698 serrata
1167 3645 1241 3697 aunt:
1268 3643 1349 3699 Riim,

128 3725 302 3790 Feldmeoaer,
320 3725 528 3793 adbocatum,
546 3729 633 3794 1,263.
650 3726 793 3782 Praeterea
809 3727 871 3782 o.54
888 3726 922 3781 ad
940 3727 1050 3784 uerbum
1067 3727 1121 3783 iore
1139 3727 1351 3783 redItinc.104

128 3811 198 3878 legia
215 3811 264 3864 col.
277 3810 422 3865 Genetirae
439 3811 533 3874 Iuliae,
552 3827 575 3866 c.
591 3811 626 3867 55
642 3827 703 3867 vero
720 3812 749 3866 ln
757 3811 795 3866 D.
804 3815 846 3877 47,
855 3815 900 3881 21,
914 3815 932 3866 3
945 3811 1059 3868 refertur
1075 3812 1228 3882 praemissis
1246 3813 1348 3868 verbis:

127 3891 207 3965 ‘hege
225 3891 341 3964 agraria,
358 3897 590 3964 quandonam
606 3894 690 3952 tulit'
725 3896 809 3963 Unde,
827 3913 888 3952 oum
905 3897 988 3952 etiam
1006 3897 1035 3952 in
1052 3897 1112 3967 lege
1131 3897 1256 3954 ooltle'u.
1275 3913 1297 3952 o.
1315 3899 1348 3953 97

127 3979 195 4050 legis
214 3979 299 4034 Iuliae
318 3980 364 4048 (ιι.
383 3981 517 4052 agrariae)
535 3981 636 4038 mentio
654 3981 715 4045 liat,
729 3982 786 4040 Mo.
796 3983 958 4052 comprobat,
968 3983 1120 4050 generalem
1129 3983 1350 4051 exstitisse-legia

127 4063 250 4134 agrariae
274 4064 398 4130 formam,
417 4066 539 4120 Caesaris
561 4067 635 4120 iussu
656 4081 704 4135 per
721 4067 815 4121 Vviros
838 4069 992 4135 conceptam
1010 4068 1039 4120 ιι
1056 4067 1075 4122 l.
1093 4067 1164 4122 lulla
1181 4083 1237 4136 agr.
1256 4067 1350 4122 confir-

127 4149 316 4214 matam,undc
329 4150 357 4206 in
371 4151 537 4219 singularum
551 4151 711 4208 coloniarum
720 4151 870 4220 legosqnae
885 4151 1032 4206 necessaria
1041 4154 1118 4208 erant
1134 4153 1268 4208 translata
1284 4167 1350 4207 osse.

128 4233 208 4288 Ro'm.
225 4232 304 4290 Feta.
321 4238 349 4299 2,
366 4238 431 4290 221.
454 4235 568 4305 Fspb'ern.
585 4236 669 4306 epipr.
685 4239 717 4302 2,
738 4239 802 4291 120.
820 4235 854 4304 cf.
871 4235 959 4292 ΖΒΘ.
977 4239 1021 4304 12,
1042 4241 1103 4292 100.
1123 4267 1156 4278 -
1173 4237 1201 4304 4)
1219 4236 1284 4292 Gen.
1302 4253 1351 4306 pro

127 4314 187 4372 ‘hac
204 4315 274 4387 lege'
291 4319 387 4376 babet:
405 4317 487 4376 ‘mura
499 4321 566 4376 fines
580 4322 630 4377 col.
644 4317 719 4376 Gen?
729 4351 762 4362 -
771 4323 798 4387 5)
807 4321 838 4376 G.
852 4322 904 4376 lna.
918 4317 1104 4392 ‘factiquass-
1117 4323 1143 4387 6)
1152 4321 1183 4377 G.
1193 4319 1349 4377 ‘llmitalea’

129 4431 162 4444 -
179 4404 206 4469 7)
226 4403 257 4458 G.
277 4420 324 4472 pro
342 4400 396 4474 ‘qui
414 4403 527 4474 -lege'
540 4405 637 4462 babet:
655 4402 710 4476 ‘qui
726 4407 801 4460 iussn
810 4407 841 4462 0.
850 4407 971 4462 Caeam
980 4407 1044 4460 dict.
1053 4407 1116 4476 Imp.
1127 4412 1155 4462 et
1163 4408 1225 4476 lege
1234 4407 1352 4462 Antonia

131 4489 216 4542 senat.
234 4504 287 4556 qne
305 4504 374 4546 cons.
393 4491 429 4559 pl.
447 4506 498 4559 que
515 4491 591 4546 scitis
608 4486 689 4558 aper’.
707 4519 740 4530 -
758 4491 786 4560 8)
803 4491 834 4548 G.
854 4507 903 4546 om.
923 4519 955 4530 -
978 4492 1004 4556 9)
1021 4491 1054 4548 G.
1072 4487 1305 4561 ‘decumanoequc'.
1316 4521 1350 4530 -
