3332 5338
686 408 813 479 collegia.
1292 417 1355 481 227

136 581 204 644 apud
223 575 280 628 Ha.
300 581 381 630 multa
399 582 531 631 continent
548 599 639 649 parum
657 593 726 654 apta,
749 590 777 635 ut
794 585 859 636 illud
872 581 1011 650 profectas
1025 599 1143 651 peraper,
1166 589 1232 653 quod
1250 597 1300 638 tam
1319 599 1358 641 est

135 656 259 708 Latinum
279 675 356 723 quam
372 660 486 710 futurum
505 662 592 725 paullo
611 672 668 712 ante
688 663 721 711 ab
728 658 786 711 Ha.
799 663 946 713 restitutum
964 659 1040 726 abiet,
1050 671 1075 712 et
1087 664 1154 728 quod
1168 667 1285 730 sequitur
1299 663 1357 714 lon-

132 729 196 796 qias
211 729 313 797 pedum
331 737 435 784 cretam
452 733 536 800 acilia,
556 739 630 804 quasi
648 756 695 803 pro
713 755 791 805 passu
809 740 887 790 etiam
905 755 951 804 pes
968 740 998 788 in
1011 739 1135 788 eiusmodi
1146 741 1357 790 mensuraloeum

134 811 256 874 obtineat,
275 819 300 860 ct
317 814 421 860 eentum
438 809 514 862 milia
528 817 601 880 quasi
617 817 700 866 notari
714 817 815 880 possint
826 817 944 865 absurdis
954 817 1012 866 istis
1021 818 1090 867 notis
1100 817 1126 866 C.
1137 817 1182 878 M,
1192 833 1254 880 quas
1264 825 1356 867 temere

133 889 269 938 substituit
283 889 358 953 plane
374 905 450 940 sanae
462 889 571 939 lectioni
581 890 660 954 CXX,
672 892 689 941 i.
700 908 721 940 θ.
731 893 834 940 cccrum
843 894 868 940 ct
876 889 972 958 aipiata'
980 888 1064 955 milia,
1073 901 1103 942 ut
1112 891 1270 940 certissimae
1280 908 1356 956 quae·

133 981 181 1029 que
198 983 363 1016 numerorum
382 976 547 1032 notarumque
565 968 636 1031 leges
654 969 739 1018 eadem
758 985 809 1034 qua
826 959 1213 1034 grammaticaeruinapersant.
1233 969 1283 1017 Sed
1293 971 1356 1018 satis
1394 1021 1397 1029 ,

133 1043 167 1091 sit
185 1043 215 1091 de
234 1043 301 1093 istis.
329 1044 400 1092 Mihi
417 1044 518 1093 ridetur
535 1054 658 1094 tractatus
676 1046 706 1094 de
722 1046 865 1094 eiuratione
874 1047 912 1095 ita
922 1047 1077 1109 continuari,
1086 1057 1115 1095 ut
1123 1044 1237 1109 primum
1246 1044 1292 1107 qui
1301 1044 1354 1092 eiu-

132 1120 258 1170 rationem
270 1121 394 1184 omiserit,
412 1129 512 1184 praeter
528 1121 637 1170 multam
654 1123 750 1171 honore
764 1130 788 1172 θῖ
802 1122 926 1186 suffragio
936 1122 1055 1186 deinceps
1065 1131 1158 1184 careat,
1167 1121 1249 1170 multa
1258 1137 1356 1185 quoque

133 1203 221 1244 contra
235 1211 290 1244 eam
307 1197 389 1260 legem
407 1196 512 1245 facienti
533 1197 639 1261 adiecta,
658 1197 748 1247 deinde
765 1206 887 1262 pergatur
905 1198 936 1246 ad
954 1197 1142 1248 exeusationem
1160 1196 1314 1246 eiurationis
1332 1203 1357 1246 et

132 1271 261 1319 iudicium
272 1272 302 1320 de
319 1272 478 1322 excusatione
496 1289 525 1322 ea
543 1274 737 1340 instituendum.
765 1276 838 1331 Quod
856 1277 886 1324 de
904 1291 933 1324 ea
947 1275 1032 1339 posui,
1045 1283 1074 1324 ut
1087 1289 1246 1340 nequaquam
1260 1281 1356 1322 eertum

132 1359 177 1411 θεῖ,
197 1349 235 1398 ita
253 1350 344 1413 opinor
360 1365 406 1414 per
423 1365 448 1398 ae
458 1351 602 1414 probabile,
621 1369 710 1417 nempe
725 1353 853 1402 iudicium
864 1367 941 1417 penes
950 1353 1087 1416 magistros
1097 1367 1158 1411 esse,
1168 1351 1356 1400 excusationem

131 1437 217 1474 autem
239 1426 342 1486 admitti
364 1426 498 1490 magistri,
521 1428 564 1492 qui
584 1445 632 1493 quo
651 1430 692 1478 die
709 1429 861 1493 magisterio
879 1429 932 1478 sibi
950 1429 1093 1478 abeundum
1110 1428 1159 1487 sit,
1181 1424 1356 1489 reipublicae

131 1509 175 1550 aut
197 1501 254 1550 litis
277 1517 352 1550 eausa
374 1502 496 1552 consistat
514 1505 543 1554 in
559 1505 615 1554 loco
634 1506 733 1556 dierum
751 1523 793 1558 sex
811 1506 958 1570 pluriumve
976 1505 1069 1555 itinere
1088 1504 1119 1554 ab
1138 1503 1199 1552 urbe
1217 1503 1299 1550 Roma
1316 1518 1356 1549 re·

129 1588 210 1639 mot0;
229 1594 293 1639 eum,
312 1579 357 1642 qui
376 1596 425 1628 non
445 1587 502 1630 ente
521 1581 588 1630 diem
606 1583 761 1632 eiurationis
780 1584 967 1632 excusationem
985 1582 1095 1645 adleget,
1111 1579 1225 1641 maritam,
1235 1579 1356 1642 exiguam

128 1663 210 1703 tamen
235 1654 332 1704 assium
351 1656 382 1718 L,
406 1657 508 1706 sufferre
527 1659 628 1722 debere;
657 1661 765 1725 denique
788 1661 818 1709 ab
841 1660 983 1708 eiuratione
1010 1665 1076 1707 reete
1100 1663 1245 1706 excusatum
1268 1654 1356 1704 nihilo

127 1729 212 1778 minus
232 1747 281 1794 quo
300 1740 411 1797 tempore
428 1734 523 1798 poterit
541 1734 639 1784 eiurare
647 1729 781 1799 oportere,
791 1743 819 1784 ut
828 1734 909 1782 multa
918 1749 1024 1797 quoque,
1034 1747 1186 1796 quamquam
1195 1746 1247 1778 non
1256 1729 1356 1794 gravis-

55 1847 63 1858 „
128 1807 200 1868 sima,
219 1824 271 1856 non
289 1809 402 1859 eiuranti
411 1811 450 1860 ita
468 1811 623 1876 imponatur.
642 1811 712 1867 Quae
726 1812 870 1862 emendatio
885 1809 952 1858 mihi
968 1807 1125 1856 admittenda
1139 1806 1197 1868 fuit,
1207 1806 1307 1854 uthaec
1317 1805 1357 1854 ita

127 1883 313 1948 ordinarentur,
332 1897 404 1935 ama
420 1899 464 1935 ΕΤ·
482 1898 554 1936 L1r1s
572 1903 619 1951 pro
639 1899 805 1949 sumamma,
824 1879 1003 1936 eaHascbla'o
1021 1891 1124 1946 accepto
1142 1881 1244 1930 ferenda
1262 1888 1306 1930 θεῖ.
1321 1907 1356 1914 -

127 1961 218 2024 Capite
236 1965 339 2012 tertio
360 1965 426 2028 quod
444 1964 527 2028 posui,
546 1964 716 2028 simplicitate
730 1965 822 2028 opinor
833 1971 946 2028 praestat
961 1957 1244 2010 inventoHusehlxiano
1255 1967 1280 2006 et
1289 1967 1356 2007 recte

125 2045 228 2102 aptatur
245 2039 385 2102 prioribus.
421 2041 522 2102 Nempe
542 2040 632 2088 absens
651 2041 674 2088 si
692 2056 738 2104 per
756 2040 837 2089 alium
856 2056 881 2087 se
900 2039 1029 2087 excusavit
1043 2039 1122 2100 neque
1132 2036 1156 2082 is
1165 2035 1233 2083 iusto
1244 2037 1355 2098 t'empore

125 2115 272 2177 nuntiavit,
295 2117 377 2166 multa
399 2116 502 2180 quidem
525 2116 611 2164 eadem
631 2125 681 2179 θεῖ,
706 2116 748 2165 sed
766 2117 874 2165 multam
893 2129 947 2168 eam
967 2122 1010 2162 aut
1029 2111 1136 2162 nuntius
1155 2110 1243 2160 statim
1260 2110 1356 2159 inferat

125 2207 226 2239 necesse
246 2200 296 2252 est,
324 2201 368 2242 aut
388 2190 460 2255 eam',
479 2193 501 2242 si
519 2191 642 2257 magister
660 2194 763 2256 intulit,
786 2209 802 2242 a
819 2192 910 2242 nuntio
928 2199 1041 2254 repetere
1064 2196 1155 2253 potest.
1194 2187 1245 2235 Pro
1262 2187 1356 2235 tantae

120 2265 255 2331 pecuniae
272 2271 317 2318 cui
335 2273 420 2334 magis
439 2271 560 2335 placebit,
579 2267 714 2336 quodHa.
733 2271 829 2335 posuit,
846 2265 933 2332 dupla
947 2262 1073 2331 pecunia,
1092 2265 1116 2312 ei
1132 2263 1353 2312 noneoutradioo.

126 2369 160 2378 --
190 2345 291 2411 Capitis
319 2349 425 2411 quarti
455 2349 606 2396 sententiam
633 2357 699 2398 recte
726 2347 818 2413 opinor
840 2346 972 2410 perspexit
998 2337 1178 2402 Radorffius:
1205 2339 1305 2388 seilicet
1326 2348 1355 2388 ut

127 2429 230 2484 praeter
248 2423 342 2472 multas
361 2423 464 2488 exlege
483 2424 660 2472 descendentes
677 2423 786 2472 maiores
804 2422 916 2488 praetori
934 2419 1107 2485 publicopop.
1119 2418 1190 2464 Rom.
1201 2414 1354 2479 permissum

124 2507 163 2547 est
191 2499 244 2549 civi
279 2499 364 2550 cuivis
391 2499 495 2549 multam
524 2501 608 2549 dicere
635 2517 712 2566 quam
739 2508 829 2548 vocant
855 2499 1007 2558 maximam,
1035 2495 1062 2544 id
1089 2501 1126 2541 est
1152 2509 1205 2540 non
1230 2490 1353 2540 maiorem

123 2577 223 2626 assium
241 2577 377 2626 ΜΜΜΧΧ
396 2572 572 2636 (Staatstecbt
596 2577 711 2641 1‚128i‚
733 2579 772 2627 ita
795 2577 918 2641 magistro
942 2573 1046 2637 collegii
1064 2570 1190 2620 fullonum
1209 2567 1294 2617 simile
1311 2567 1355 2615 111⁸

123 2651 245 2702 adversus
264 2653 373 2702 fullones
391 2654 530 2717 tribuitur,
553 2654 627 2704 modo
651 2671 718 2704 asses
741 2653 856 2718 singulos
875 2651 992 2716 singulae
1011 2648 1106 2698 multae
1124 2663 1155 2696 ne
1174 2645 1302 2694 excedant.
1325 2669 1352 2676 -·

124 2728 217 2792 Capite
236 2729 355 2794 quinto
373 2739 431 2780 ante
449 2732 538 2780 omnia
556 2732 673 2795 ineptum
692 2731 758 2780 illud
777 2724 870 2794 ‘prius’
889 2731 928 2778 ita
945 2726 1085 2778 tollendum
1104 2731 1150 2785 θεῖ,
1169 2729 1197 2771 ut
1216 2720 1354 2769 substitua-

123 2811 165 2854 tur
196 2806 264 2855 iusta
292 2807 499 2871 interpunctione
522 2819 545 2854 P·
569 2819 592 2855 a·
618 2817 669 2856 ivs.
714 2806 769 2862 Quo
793 2807 879 2870 posito
902 2801 1071 2870 probabiliter
1095 2798 1154 2848 inde
1172 2797 1299 2846 efficietur
1325 2795 1355 2843 in

123 2881 265 2944 collegium
293 2883 340 2930 hoe
368 2899 424 2932 eum
442 2882 590 2932 ,admissum
615 2898 681 2944 esse,
710 2882 754 2946 qui
782 2881 844 2929 duas
869 2880 986 2940 lacunas,
1014 2877 1043 2926 id
1065 2886 1102 2924 est
1124 2875 1207 2923 fontes
1234 2871 1354 2936 publicos

122 2957 218 3022 popuii
237 2960 351 3008 Romani
374 2960 480 3009 utendos
499 2957 550 3007 sibi
569 2959 600 3007 ab
620 2975 648 3007 eo
667 2959 851 3021 comparasset,
874 2953 986 3018 vectigal
1004 2953 1063 3002 inde
1082 2952 1181 2999 aerario
1199 2950 1310 3009 solvens,
1329 2949 1353 2996 ei

122 3034 273 3086 condicioni
293 3035 340 3100 qui
359 3036 423 3085 satis
441 3036 550 3097 fecisset,
568 3035 609 3084 ius
627 3035 710 3084 fuisse
726 3034 850 3082 fulloniae
868 3032 1019 3103 exercendae
1030 3028 1219 3093 exigendaeque
1229 3026 1354 3089 pecuniae

122 3128 170 3175 pro
191 3119 269 3174 creta,
289 3112 317 3160 id
336 3120 373 3162 θεῖ
390 3113 484 3176 opinor
502 3128 549 3175 pro
567 3129 614 3160 usu
633 3112 712 3160 fontis
731 3112 762 3159 ad
778 3110 888 3159 lavanda
906 3117 930 3157 et
943 3103 1280 3170 perpoliendavestimenta.
1309 3102 1353 3148 Se·

119 3197 237 3252 quantur
256 3200 331 3238 cauta
350 3190 380 3238 de
398 3206 427 3238 eo
444 3190 490 3254 qui
508 3188 659 3242 condicione
678 3188 725 3236 illa
742 3203 793 3236 non
811 3186 920 3249 impleta
937 3199 983 3247 pro
999 3181 1093 3230 fullone
1104 3187 1218 3242 aegerat.
1236 3176 1355 3225 Primum

119 3266 259 3316 denuntiat
277 3282 334 3316 eum
352 3266 397 3330 qui
415 3267 471 3316 vult
489 3265 624 3328 magistro,
643 3265 732 3314 deinde
751 3265 874 3328 magister
892 3259 995 3309 iubetur
1005 3273 1056 3332 ,per
1065 3272 1138 3304 omne
1149 3255 1259 3304 biduum
1270 3253 1355 3301 eonti-

122 3359 203 3392 nuum
232 3343 264 3392 ad
290 3343 385 3392 fontem
413 3341 542 3403 accedere,
567 3341 667 3392 scilicet
689 3350 717 3391 ut
736 3338 908 3405 deprehendat
925 3336 949 3386 si
967 3333 1012 3401 qui
1030 3332 1127 3381 iniuste
1145 3332 1184 3380 ibi
1203 3329 1357 3379 vestimenta

122 3419 222 3484 lavant,
243 3420 333 3481 multa,
352 3419 402 3480 sed,
421 3426 449 3468 ut
467 3426 663 3468 consentaneum
681 3426 730 3481 est,
749 3431 889 3482 perparva,
908 3413 1036 3476 magistro.
1052 3415 1140 3458 eontra
1157 3405 1265 3455 facienti
1282 3419 1356 3468 prae-

125 3499 226 3562 scripta
232 3515 238 3558 ;
257 3497 300 3546 sed
318 3513 349 3546 ne
368 3513 397 3544 ea
415 3495 517 3560 quidem
536 3497 657 3562 exigitur,
676 3497 699 3546 si
718 3495 763 3560 qui
781 3489 976 3542 contrafecerit
994 3483 1161 3535 dentmtiatus
1175 3481 1234 3545 erit,
1249 3481 1356 3566 cumita

122 3574 244 3624 absentia
261 3573 381 3637 magistri
400 3573 510 3638 collegio
529 3573 648 3621 damnum
665 3588 717 3620 uon
735 3569 859 3620 attulerit.
876 3591 909 3600 -
928 3563 1050 3628 Sequitur
1068 3557 1153 3632 capite
1177 3557 1265 3607 sexto
1285 3555 1354 3644 rudi:

118 3652 187 3700 cium
215 3657 304 3700 contra
330 3665 386 3698 cum
411 3651 456 3715 qui
480 3649 516 3698 sic
535 3657 563 3710 ut
582 3649 694 3698 diximus
712 3645 876 3696 denuntiatus
895 3648 933 3690 est
950 3637 991 3690 vel
1008 3634 1187 3717 deprehensus.
1224 3632 1294 3720 (duae
1313 3633 1353 3682 1b1

118 3729 206 3792 posui,
226 3743 300 3791 posse
319 3743 375 3776 eam
393 3739 530 3789 provocare
549 3725 580 3772 ad
598 3724 727 3773 iudicium
745 3719 872 3787 praetoris
891 3731 969 3780 eaque
987 3715 1168 3776 provocatlone
1186 3707 1353 3758 iurelurando

118 3806 222 3854 firmata
245 3802 355 3852 liberari
378 3817 394 3850 a
415 3801 562 3865 magistris3
588 3800 615 3849 id
639 3809 722 3850 autem
740 3798 785 3864 qui
803 3813 854 3845 non
872 3793 964 3854 faciat,
991 3803 1042 3838 una
1060 3801 1116 3872 aum
1133 3786 1257 3872 Qi'sim
1275 3783 1353 3869 (huae

117 3882 188 3930 enim
208 3879 364 3930 crediderim
383 3887 411 3927 ut
429 3878 497 3942 apud
508 3878 663 3928 Ursonenses
681 3878 709 3926 in
730 3874 812 3926 simili
830 3873 934 3938 privato
951 3866 990 3916 rei
1008 3863 1126 3928 publicae
1144 3861 1246 3946 ludicro
1259 3867 1353 3944 actoris

117 3959 239 4022 partibus
256 3954 344 4020 tangit
363 3956 394 4004 ad
414 3963 616 4019 recuperatorem
635 3971 714 4004 unum
733 3953 816 4011 adire;
841 3957 973 4010 utrumque
991 3951 1076 3994 autem
1094 3940 1249 4026 calummam
1267 3949 1352 3984 lurare

117 4042 236 4097 oportere
257 4033 340 4082 multa
358 4049 409 4082 non
428 4032 527 4082 iuranti
544 4025 687 4096 preposita,
706 4047 744 4086 ea,
753 4036 782 4078 ut
799 4043 851 4076 nan
868 4023 957 4072 omnia
974 4030 1042 4070 certa
1060 4027 1126 4079 aunt,
1136 4016 1177 4064 aa
1193 4028 1244 4061 11⁰1]
1258 4011 1354 4061 habent

117 4114 215 4177 opinor
233 4113 264 4160 in
283 4112 359 4160 rebus
379 4110 491 4160 verbisve
501 4111 567 4174 quod
577 4110 694 4160 offendat.
704 4135 735 4142 —
747 4108 832 4171 Caput
843 4099 1013 4165 septimum
1027 4103 1113 4160 aperte
1122 4090 1230 4143 vertitur
1238 4089 1268 4137 in
1277 4103 1354 4151 quae-

117 4191 210 4254 stione,
220 4188 347 4253 quomodo
356 4187 433 4236 iudex
442 4203 472 4236 cx
485 4187 533 4234 hae
549 4185 606 4250 lege
624 4185 706 4234 factus
726 4181 784 4246 cogi
801 4176 885 4244 possit
904 4172 1031 4222 iudicium
1044 4168 1160 4226 reddere,
1178 4163 1221 4212 sed
1230 4162 1353 4226 pleraque

117 4268 218 4317 incerta
239 4274 306 4316 sunt.
333 4265 365 4314 In
383 4262 517 4328 principio
535 4264 565 4312 in
580 4263 730 4324 pnivcrsum
748 4259 849 4310 videtur
866 4249 1040 4317 perscriptum
1054 4244 1142 4306 fuisse,
1151 4245 1353 4304 recuperatorem

116 4342 191 4394 illum
211 4361 292 4394 unum
312 4341 408 4408 quique
427 4341 451 4390 ei
469 4340 499 4389 in
517 4339 626 4389 consilio
645 4345 730 4388 essent
748 4334 798 4400 (ita
816 4330 882 4382 enim
902 4323 1008 4390 suppleo
1027 4328 1132 4386 pml)ter
1146 4310 1352 4382 limem-22

116 4413 277 4467 ‘iudicante’
297 4425 323 4466 et
340 4409 525 4475 tuderrina),
545 4414 572 4462 ni
594 4413 746 4474 iudicarent,
765 4408 874 4463 mulam
888 4400 989 4449 sufferre
1004 4391 1253 4527 oporterqbpestitui
1268 4391 1354 4453 itaut.
