3328 5356
697 455 821 510 Isidorus.
1311 458 1374 521 299

598 635 636 689 B.
680 634 723 689 In
746 621 927 702 Georgica.

132 802 134 806 ,
234 746 261 826 1,
280 745 330 808 31.
366 745 541 822 Quodeait
557 745 681 831 (Verq.)
705 745 822 826 ‘emat',
842 748 884 812 ad
904 747 1074 827 antiquum
1093 747 1283 828 nuptiarum
1302 765 1373 827 per-

143 850 230 914 tinet
257 849 370 928 ritum,
404 868 465 930 quo
497 867 530 914 se
561 851 697 914 maritus
725 853 758 914 et
785 867 866 913 uxor
896 849 1032 913 invicem
1060 847 1260 927 coemebant,
1290 850 1374 913 siout.

143 951 303 1016 habemus
318 952 351 1016 in
366 951 445 1016 iure.
480 951 597 1018 Tribus
617 952 700 1016 enim
719 951 822 1016 modis
841 951 927 1031 apud
945 954 1071 1014 veteres
1087 950 1222 1031 nuptiae
1237 947 1372 1015 fiebant:

144 1072 216 1133 usu,
241 1052 268 1116 si
290 1089 332 1098 -
354 1053 470 1118 mulier
494 1071 578 1118 anno
601 1072 664 1118 uno
687 1071 759 1118 eum
782 1054 864 1132 viro,
892 1051 968 1117 lieet
991 1053 1059 1117 sine
1081 1051 1222 1134 legibus,
1246 1050 1373 1130 fuisset;

144 1154 242 1232 farre,
267 1171 338 1218 curn
362 1172 420 1235 per
442 1153 624 1236 pontificem
648 1175 729 1219 max.
753 1159 785 1220 et
800 1155 928 1220 Dialem
949 1151 1108 1218 flaminem
1133 1172 1190 1234 per
1208 1151 1317 1234 fruges
1341 1158 1374 1216 et

80 1259 82 1262 ’
145 1253 270 1321 molam'
284 1253 403 1321 salsam
423 1255 712 1340 coniungebantur,
730 1259 813 1322 unde
836 1256 1112 1324 confarreatio
1135 1253 1373 1336 appellabatur,

147 1376 187 1422 ex
220 1357 337 1438 quibus
368 1358 491 1438 nuptiis
522 1359 654 1442 patrimi
689 1363 721 1423 et
752 1359 885 1440 patrimi
912 1358 1143 1436 nascebantur3
1175 1357 1374 1444 coemptione

146 1479 267 1524 veroa
269 1465 347 1542 tque
370 1460 403 1524 in
426 1477 557 1524 manum
581 1461 799 1541 conventione,
824 1481 895 1526 cum
919 1459 1003 1526 illa
995 1481 1026 1525 ιιι
1046 1459 1130 1524 filiae
1145 1459 1261 1539 locum,
1277 1459 1374 1523 mari·

147 1562 234 1625 tus'
226 1579 258 1624 m
281 1565 340 1642 pat
342 1561 387 1624 ris
411 1561 623 1642 veniebatu
625 1563 703 1642 t,si
726 1565 798 1644 quis
818 1563 906 1644 prior
927 1561 1042 1627 luisset
1065 1560 1197 1626 defunct
1183 1565 1246 1640 tus,
1270 1560 1373 1625 locum

147 1661 312 1728 heredita
262 1663 341 1728 tatis
363 1663 412 1727 ius
414 1667 481 1726 tum
504 1663 550 1727 alt
537 1663 599 1727 teri
621 1661 812 1742 faceret3e
815 1663 1196 1746 t-quandocunque'
1188 1681 1220 1727 ιιι
1243 1681 1373 1727 manum

61 1757 65 1762 ’
148 1769 356 1843 convenerat,
380 1763 488 1828 omnia
511 1769 585 1845 prot
586 1764 673 1844 inus,
696 1783 781 1847 quae
804 1766 872 1830 doti
896 1765 1046 1831 dicebant
1033 1770 1086 1829 tur
1111 1765 1161 1844 (ol.
1187 1763 1372 1848 dabantur)

147 1865 266 1930 rnarito
232 1865 478 1932 tserviebaut
464 1865 569 1947 t.(ol
597 1867 706 1931 mariti
734 1866 848 1948 erant)
899 1863 971 1932 269.
995 1866 1159 1931 ‘Fosetr‘
1160 1865 1371 1946 mosterot,

41 2023 44 2030 .
147 1970 167 2034 i.
191 1987 219 2032 e.
244 1968 353 2032 divina
377 1967 613 2050 humanaque
604 1986 677 2032 lura
702 1969 819 2048 permit
821 1972 910 2068 ιιιιιις
942 1963 1016 2032 narn
1039 1967 1079 2032 ad
1103 1967 1290 2050 religionem
1312 1966 1372 2050 faa,

147 2071 191 2135 ad
215 2069 391 2136 homines
383 2085 455 2135 rura
478 2069 650 2150 pertinent.

235 2168 264 2250 3,
287 2169 358 2236 387.
375 2195 399 2233 o.
417 2195 503 2247 supra
517 2195 548 2246 p.
566 2181 583 2230 9
600 2195 627 2232 ιι,
646 2180 671 2234 5.

601 2349 637 2404 0.
682 2349 727 2404 In
746 2347 922 2404 Bucolica.

238 2459 266 2539 1,
289 2459 339 2527 33.
359 2497 402 2507 -
421 2460 522 2526 Omne
540 2463 771 2542 patrimonium
789 2461 876 2542 apud
895 2461 1033 2525 maiores
1050 2461 1265 2542 peculium
1288 2458 1370 2522 diee-

146 2563 249 2627 batur
267 2581 286 2627 a
304 2561 484 2644 pecoribus,
504 2564 536 2626 in
555 2563 674 2646 quibus
693 2580 803 2627 eorum
823 2561 995 2628 constabat
1014 2563 1162 2627 universa
1179 2559 1373 2627 substantia.

182 2726 185 2732 .
235 2663 265 2744 3,
288 2663 338 2726 31.
383 2663 552 2744 ‘Danaos
578 2667 611 2730 in
634 2666 803 2746 sponsione
826 2665 958 2741 colloco,
983 2669 1158 2747 sequestro.
1203 2661 1282 2743 ιριιο
1301 2661 1373 2743 pip-

144 2768 250 2829 aore’:
272 2785 337 2846 qua
362 2767 541 2847 sponsione,
565 2767 642 2848 quia
665 2768 783 2849 pignus
806 2768 968 2848 sponsioni
993 2769 1067 2834 est.¹

236 2863 267 2942 4,
289 2863 340 2928 43.
363 2889 386 2926 o.
405 2889 491 2941 sopra
504 2891 534 2941 p.
552 2877 570 2927 9
587 2890 646 2928 aro.
664 2877 706 2928 13.

236 2963 266 3044 8,
289 2963 341 3028 99.
363 2989 385 3026 ι.
403 2988 488 3040 apra
502 2991 531 3042 p.
550 2978 586 3030 ac
603 2974 641 3027 ao
659 2976 731 3039 ΧΠ,
749 2979 775 3040 a,
793 2980 819 3028 a.
837 2977 860 3029 u.

238 3064 287 3144 10,
311 3064 362 3130 27.
398 3067 497 3132 Minio
515 3103 557 3116 -
576 3070 673 3134 etiam
689 3071 938 3151 triurnphantes,
954 3071 1010 3150 qni
1028 3070 1148 3134 habent
1168 3067 1274 3132 omnia
1287 3067 1373 3132 lovis

143 3169 301 3250 insignia,
326 3172 499 3248 sceptrum,
523 3170 697 3249 palmatam
720 3175 839 3251 togam,
863 3205 905 3215 -
927 3169 1042 3234 faciem
1064 3204 1106 3216 -
1127 3169 1285 3232 ιΙΙιιιιιιιι.’

457 3439 510 3506 Vl.
553 3439 752 3506 ISIDORUS
783 3437 1068 3504 HISPALENSIS.

355 3593 381 3658 E
404 3593 519 3659 libris
543 3593 792 3674 originum's.
821 3590 1172 3674 etymologiarum.⁸

712 3763 770 3817 Lib.
793 3762 815 3818 Ι.

235 3865 287 3944 21,
312 3865 338 3930 l.
365 3865 523 3948 Vulgares
541 3872 636 3932 notas
653 3865 779 3932 Ennius
797 3867 921 3948 primus
940 3863 1026 3930 mille
1045 3869 1077 3928 et
1096 3866 1223 3928 centum
1242 3861 1374 3926 invenit.

144 3971 309 4038 Natarum
332 3987 411 4034 usus
433 3974 514 4047 erat,
539 3974 576 4032 ut
599 3969 753 4050 quicquid
775 3987 834 4051 pro
857 3967 1008 4034 concione
1036 3972 1094 4031 aut
1121 3967 1154 4030 in
1177 3962 1304 4027 iudiciis
1328 3962 1376 4027 di-

219 4157 246 4220 1)
263 4153 304 4210 cf.
321 4153 390 4208 Isid.
406 4158 450 4222 10,
468 4159 493 4216 1,
511 4156 574 4208 260.
593 4183 626 4194 -
643 4154 670 4221 2)
690 4153 730 4209 of.
750 4154 824 4208 Pon.
842 4153 869 4208 b.
886 4169 914 4205 ιι.
931 4155 974 4212 33,
992 4155 1092 4214 7,111:
1112 4147 1377 4204 ‘Minium-auoto-
1427 4212 1446 4236 0

145 4241 243 4298 nitatis
256 4264 268 4290 ι
283 4238 414 4309 quondam
439 4239 509 4308 apud
528 4240 660 4293 Romanos
679 4269 712 4278 -
731 4240 812 4293 etiam
830 4252 929 4292 sacrae.
965 4236 1111 4290 Euomeret
1129 4234 1249 4286 auctores
1259 4231 1377 4300 Verrius,

145 4327 247 4397 quibus
269 4324 374 4380 credere
398 4339 505 4378 necesse
527 4324 577 4391 sit,
604 4323 675 4378 Iovis
696 4323 780 4390 ipsius
804 4321 939 4376 simulacri
962 4320 1059 4374 luciam
1081 4317 1174 4372 diebus
1196 4309 1274 4370 iestis
1295 4315 1377 4372 minio

145 4411 222 4467 illini
240 4410 347 4464 solitam
370 4408 645 4478 triumphantiumque
668 4423 789 4475 corpora,
811 4409 849 4462 sic
869 4405 1013 4460 Camillum
1032 4403 1221 4471 triumphasse.
1245 4401 1378 4456 -1-Ouius

145 4498 186 4552 rei
206 4511 315 4550 eausam
338 4493 461 4563 equidem
485 4495 578 4562 miror,
600 4509 761 4562 quamquam
785 4497 812 4548 et
839 4491 918 4546 hodie
944 4490 972 4544 id
989 4490 1078 4558 expeti
1095 4489 1199 4542 constat
1216 4485 1379 4555 Aethiopum
