3296 5370
585 435 682 492 Edicta
699 439 860 506 praetorum.
1276 437 1339 504 155

104 629 194 691 quae
218 616 365 675 ventrem
389 611 569 690 inspicient.
601 609 775 678 Mittantur
798 613 909 674 autem
930 609 1081 674 mulieres
1101 611 1224 676 liberae
1243 609 1338 678 dum·

102 717 207 776 taxat
223 713 379 794 quinque:
398 712 523 792 haeque
542 711 638 776 simul
655 728 765 778 omncs
780 710 969 792 inspiciant:
989 711 1120 776 dumne
1136 730 1200 806 qua
1215 709 1360 790 earum,'

102 814 187 878 dum
210 814 355 894 inspicit,
387 813 489 880 invita
520 813 655 883 muliere
686 817 832 877 ventrem
863 816 988 892 tangat.
1032 811 1149 878 Mulier
1180 814 1213 879 in
1240 814 1339 878 domu

99 913 519 990 honestissimaelcminae
542 916 658 994 pariat,
683 930 780 994 quam
800 932 859 995 ego
878 913 1083 980 constituam.
1126 913 1243 978 Mulier
1262 921 1337 979 ante

104 1016 179 1080 dies
208 1016 352 1096 triginta,
384 1035 481 1097 quam
512 1017 692 1096 parituram
723 1033 758 1080 se
782 1019 885 1096 putat,
919 1016 1089 1082 denuntiet
1112 1015 1172 1094 his,
1194 1015 1235 1080 ad
1258 1035 1336 1096 quos

103 1135 146 1180 ea
167 1135 221 1180 res
241 1119 392 1199 pertinet,
418 1119 723 1198 procuratoribusve
742 1135 863 1195 eorum,
886 1121 923 1180 ut
940 1118 1085 1195 mittant,
1108 1118 1135 1180 si
1153 1117 1262 1196 velint,
1282 1119 1337 1198 qui

103 1224 254 1283 ventrem
279 1219 473 1286 custodiant.
513 1219 551 1284 In
573 1237 636 1299 quo
659 1219 803 1288 conclavi
825 1219 943 1282 mulier
965 1219 1114 1299 paritura
1138 1220 1210 1298 erit,
1233 1219 1278 1285 lbi
1296 1238 1336 1282 ne

104 1321 220 1400 plures
243 1321 349 1386 aditus
372 1321 446 1399 sint,
471 1339 569 1402 quam
592 1339 689 1384 unus:
714 1321 741 1386 si
765 1324 871 1399 erunt,
890 1339 928 1384 ex
947 1326 1087 1401 utraque
1106 1326 1200 1402 parte
1216 1321 1337 1389 tabulis

102 1420 339 1502 praefigantur.
375 1422 461 1488 Ante
477 1423 595 1488 ostium
614 1423 683 1486 eius
699 1422 860 1486 conclavis
878 1423 980 1488 liberi
993 1427 1060 1491 tres
1079 1427 1111 1486 et
1129 1427 1196 1503 tres
1214 1421 1336 1486 liberae

102 1541 180 1587 cum
209 1523 292 1588 binis
316 1525 705 1606 comitibuscustodiant.
750 1523 1019 1605 Quotiescumque
1045 1542 1083 1588 ea
1110 1523 1225 1590 mulier
1247 1524 1280 1588 in
1302 1524 1336 1591 id

102 1624 258 1689 conclave
280 1625 408 1690 aliudve
437 1627 538 1707 quod,
561 1627 684 1690 sivein
707 1625 872 1690 balineum
895 1625 964 1706 ibit,
988 1627 1152 1706 custodes,
1176 1627 1204 1692 si
1225 1627 1335 1701 velint,

99 1728 136 1792 id
162 1732 239 1791 ante
263 1728 462 1807 prospiciant
489 1733 523 1791 et
545 1745 613 1806 coc,
641 1727 696 1807 qui
719 1727 916 1806 introierint,
944 1728 1119 1803 excutiant.
1165 1726 1334 1807 Custodes,

99 1830 160 1909 qui
184 1833 262 1893 ante
286 1829 435 1893 conclave
449 1829 553 1909 positi
571 1834 675 1906 erunt,
699 1829 727 1892 si
745 1829 866 1907 volunt,
886 1846 1004 1908 omnes
1028 1829 1083 1910 qni
1102 1829 1250 1894 conclave
1274 1836 1333 1897 aut

100 1931 234 1994 domum
253 1931 450 2010 introierint,
471 1930 644 1996 excutiant.
683 1929 811 2007 Mulier,
831 1948 903 1994 cum
921 1929 1085 2008 parturire
1104 1930 1249 2011 incipiat,
1272 1931 1333 2010 his,

103 2033 148 2096 ad
177 2049 257 2112 quos
281 2050 321 2095 ea
350 2049 401 2095 res
424 2032 581 2111 pertinet,
612 2031 918 2112 procuratoribusvc
942 2049 1054 2095 eorum
1083 2032 1265 2110 denuntiet,
1297 2037 1335 2096 ut

37 2213 41 2223 ⁸
101 2134 251 2212 mittant,
282 2133 398 2214 quibus
422 2132 650 2214 praesentibus
665 2119 790 2213 pariat.
835 2133 1011 2198 Mittantur
1033 2131 1184 2200 mulieres
1211 2132 1334 2199 liberae

103 2235 279 2298 dumtaxat
301 2235 456 2315 quinque,
480 2235 528 2300 ita
545 2239 590 2313 ut,
609 2239 738 2315 praeter
757 2235 948 2302 obstetrices
971 2235 1061 2314 duas,
1084 2235 1118 2301 in
1137 2253 1173 2300 eo
1189 2235 1333 2302 conclavi

102 2354 145 2398 ne
166 2335 275 2416 plures
294 2336 446 2400 mulieres
468 2336 591 2401 liberae
615 2337 688 2415 sint,
713 2355 811 2420 quarn
835 2336 957 2416 decem,
981 2336 1129 2416 ancillae,
1153 2355 1250 2418 quam
1268 2355 1333 2402 sex.

13 2495 14 2506 ,
103 2437 188 2517 Hae,
211 2455 294 2518 quae
316 2438 404 2502 intus
418 2437 558 2504 ,futurae
581 2442 685 2517 erunt,
710 2438 917 2505 excutiantur
938 2456 1050 2504 omnes
1070 2439 1104 2504 in
1125 2457 1161 2504 oo
1181 2440 1333 2518 conclavi,

13 2585 15 2630 5
103 2559 171 2622 qua
181 2557 364 2622 praegnans
382 2541 433 2606 sit.
466 2540 685 2620 Trialumina,
696 2559 737 2604 ne
755 2541 869 2618 minus,
880 2538 925 2604 ibi
936 2541 1011 2604 sint.
1025 2538 1118 2616 Quod
1133 2546 1247 2609 natum
1259 2542 1331 2619 erit,

13 2693 14 2734 ,
103 2641 165 2720 his,
187 2643 230 2708 ad
249 2660 330 2723 quos
347 2661 386 2706 ea
404 2660 456 2707 res
474 2643 626 2723 pertinet,
650 2642 954 2727 procuratoribusve
974 2657 1091 2721 eorum,
1119 2643 1146 2706 si
1173 2643 1332 2724 inspicere

101 2744 222 2821 volent,
246 2743 448 2810 ostendatur.
494 2745 590 2825 Apud
613 2761 686 2810 eum
711 2744 877 2822 educetur,
900 2735 987 2824 apud
1010 2763 1106 2826 quem
1125 2763 1243 2825 pareus
1266 2745 1332 2810 ius-

13 2889 14 2894 η
102 2846 193 2908 serit.
239 2844 271 2908 Si
288 2851 398 2910 autem
417 2846 498 2912 nihil
520 2864 639 2928 parens
661 2847 804 2924 iusserit,
824 2849 882 2910 aut
905 2846 943 2925 is,
968 2846 1055 2926 apud
1078 2849 1332 2928 quemvoluerit

13 2933 14 2940 '
104 2947 248 3024 educari,
268 2957 377 3010 curam
404 2966 466 3012 non
489 2948 640 3028 recipiet,
666 2947 754 3028 apud
778 2965 874 3027 quem
897 2947 1062 3027 educetur,
1081 2967 1180 3017 causa
1204 2950 1332 3030 cognita

106 3046 311 3110 constituam.
354 3049 395 3126 Is,
419 3050 505 3129 apud
529 3067 626 3129 quem
650 3049 851 3127 educabitur,
877 3049 962 3130 quod
985 3054 1098 3114 natum
1121 3053 1196 3129 erit,
1227 3051 1333 3132 quoad

104 3147 206 3212 trium
227 3166 373 3212 mensum
396 3151 447 3228 sit,
470 3150 520 3214 bis
543 3151 577 3214 in
600 3167 725 3228 mense3
749 3168 789 3212 ex
811 3167 848 3214 eo
867 3154 1024 3228 tempure,
1046 3151 1152 3230 quoad
1171 3169 1226 3215 sex
1243 3169 1331 3214 men·
1423 3141 1426 3148 ’

105 3267 177 3312 sum
200 3249 251 3328 sit,
275 3249 372 3313 semel
395 3251 427 3314 in
450 3267 576 3328 mense3
609 3269 628 3314 a
651 3269 706 3316 ser
729 3250 905 3329 mensibus
939 3251 1047 3331 quoad
1074 3251 1242 3318 anniculus
1264 3251 1331 3329 fiat,
1398 3315 1401 3319 .

103 3350 241 3416 alternis
250 3351 429 3429 mensibus3
445 3353 485 3418 ab
500 3352 659 3430 anniculo,
670 3351 777 3432 quoad
791 3349 852 3418 fari
867 3347 980 3432 possi-t,
991 3353 1090 3419 semel
1100 3353 1200 3419 insen
1215 3355 1332 3421 mensi-

103 3454 174 3533 bus,
199 3453 254 3518 ubi
276 3453 372 3536 solet,
388 3435 546 3518 ostendat.
574 3453 608 3518 Si
628 3455 679 3518 cui
691 3460 837 3518 ventrem
854 3454 978 3534 inspici,
998 3455 1201 3534 custodirivo,
1219 3455 1332 3520 adesse

103 3557 214 3638 partui
236 3555 361 3620 licitum
380 3573 443 3620 non
462 3556 532 3630 crit,
552 3555 713 3623 factumve
731 3556 810 3637 quid
826 3557 898 3635 erit,
915 3573 978 3637 quo
997 3559 1103 3623 minus
1121 3575 1160 3620 ea
1177 3557 1226 3622 ita
1244 3554 1332 3638 fient,

103 3659 154 3724 uti
176 3675 274 3739 supra
297 3658 562 3739 comprehensum
586 3665 649 3724 est:
681 3659 723 3733 ei,
747 3659 833 3740 quod
855 3663 970 3724 natum
994 3659 1070 3737 crit,
1099 3659 1332 3738 possessionem
1361 3721 1362 3724 ,

103 3777 203 3825 causa
225 3778 296 3842 cogi
310 3761 358 3824 ita
381 3779 444 3824 non
466 3761 562 3826 dabo.
606 3759 680 3826 Sive
703 3762 788 3843 quod
807 3766 921 3826 natum
940 3761 1012 3839 erit,
1031 3767 1069 3826 nt
1087 3779 1185 3843 supra
1197 3766 1332 3829 ,cautum

102 3867 164 3940 est,
183 3861 299 3941 inspici
317 3879 380 3925 non
398 3862 541 3926 licuerit:
561 3863 773 3945 quas-utique
790 3864 932 3928 actiones
945 3881 996 3928 me
1010 3863 1164 3931 daturum
1179 3863 1331 3945 polliceor

102 3963 169 4042 his,
201 3964 321 4044 quibus
343 3981 383 4028 ex
405 3964 510 4028 edicto
533 3983 603 4028 meo
626 3966 782 4030 bonorum
800 3965 959 4046 possessio
980 3965 1057 4032 data
1076 3965 1129 4045 sit,
1145 3967 1209 4044 eas,
1225 3965 1332 4030 simihi

102 4065 193 4128 iusta
216 4082 316 4128 causa
338 4064 503 4128 videbitur
525 4084 604 4146 esse,
629 4067 658 4130 ei
680 4085 744 4131 non
766 4067 859 4133 dabo.
891 4064 949 4149 (U.
968 4071 1019 4132 34.
1038 4067 1082 4132 D.
1101 4071 1201 4147 25,4,
1221 4068 1332 4149 1,10.)

189 4163 218 4227 2.
250 4156 426 4231 δὶνθηῖΐίε
450 4167 576 4232 nomine
603 4167 737 4232 muliere
764 4169 798 4232 in
829 4168 1060 4250 possessionem
1091 4169 1189 4234 missa
1218 4169 1331 4232 eadem

105 4265 178 4330 dolo
194 4266 280 4332 malo
298 4267 454 4334 adolium
474 4270 633 4336 translata
655 4287 725 4335 esse
748 4270 884 4350 dicetur,
909 4320 916 4333 .
940 4319 947 4334 .
971 4319 978 4334 .
1002 4266 1058 4358 (U.
1080 4275 1131 4336 34.
1150 4269 1193 4335 D.
1215 4272 1268 4347 25,
1288 4267 1331 4353 5.)

189 4366 218 4435 3.
242 4369 276 4434 Si
298 4370 415 4435 mulier
437 4372 558 4436 ventris
582 4371 710 4436 nomine
738 4371 769 4436 in
794 4371 995 4452 possessione
1023 4371 1202 4439 calumniae
1231 4390 1331 4438 causa

108 4486 175 4534 esse
199 4470 334 4551 dicetur,
358 4521 366 4536 .
389 4523 395 4537 .
422 4519 428 4532 .
452 4473 508 4554 (U.
533 4478 584 4536 34.
608 4473 727 4551 1225,
756 4471 799 4557 6.)
