3330 5400
529 421 616 488 Leges
633 420 685 474 XII
703 422 864 478 tabularum.
1270 430 1310 494 19

171 592 200 657 2.
225 592 258 658 S1
271 613 364 655 PATER
378 614 478 656 FILIUM
491 614 545 656 TER
559 615 658 656 innunt
672 596 776 656 DUUI'I'1
802 617 895 658 FILIUS
906 619 926 658 A
938 616 1030 662 PATRI}
1044 622 1128 664 LIBER
1141 624 1218 666 ESTO.

171 694 200 760 3.
226 695 333 761 Cicero
356 692 455 775 (Plul.
477 699 508 773 2,
532 695 630 777 28).·1
658 697 751 760 Illam
779 716 871 762 suam
898 716 972 763 suas
999 718 1050 764 res
1077 702 1138 768 sibi
1168 703 1311 770 habere³

84 799 192 877 iussit,
216 816 254 862 ex
276 795 340 859 XII
358 796 425 860 tab.
450 797 553 862 claves
577 797 707 877 ademit,
731 800 846 880 exegit.
1147 813 1152 824 ·

173 898 203 964 4.
227 899 351 964 Gellius
381 898 424 980 (3,
460 903 509 976 16,
545 899 612 981 12)·
642 901 797 980 comperi,
832 899 984 966 feminam
1014 939 1057 948 -
1079 905 1111 968 in
1143 907 1311 974 undecimo

87 1021 197 1066 mense
224 1005 297 1081 post
323 1001 433 1064 mariti
462 1007 597 1066 mortem
629 1003 802 1082 peperisse,
829 1001 1014 1085 factumque
1041 1024 1110 1070 esse
1137 1009 1310 1089 negotium,

86 1105 183 1185 quasi
213 1103 330 1167 marito
362 1105 489 1166 mortuo
517 1108 629 1182 postea
658 1104 869 1186 concepisset,
897 1108 1047 1186 quoniam
1074 1109 1246 1174 decemviri
1277 1111 1311 1175 in
1383 1154 1384 1158 =

88 1209 200 1271 decem
222 1205 384 1269 mensibus
409 1204 498 1286 gigni
522 1205 691 1284 hominem,
715 1223 777 1270 non
800 1207 833 1270 in
856 1208 1024 1274 undecimo
1047 1211 1268 1291 scripsissent,

580 1355 751 1464 11111111
779 1401 817 1464 v.

176 1537 202 1600 1.
226 1536 330 1602 actas
361 1535 403 1618 (1,
436 1535 585 1618 144-5)
618 1537 753 1602 Veteres
771 1570 787 1602 e
805 1539 976 1604 voluerunt
1006 1539 1149 1622 feminae,
1182 1545 1311 1610 etiarnsi

84 1637 249 1720 perfectae
273 1640 390 1704 aetatis
419 1639 497 1718 sint,
522 1674 562 1683 —
593 1639 625 1702 in
653 1636 755 1703 tutela
782 1659 861 1720 esse,
890 1677 934 1686 -
963 1644 1104 1724 exceptis
1131 1645 1311 1726 virginibus

86 1741 286 1821 Vestalibus,
321 1759 401 1822 quas
432 1741 620 1805 -liberas
652 1759 722 1806 esse
753 1742 941 1807 voluerunt:
973 1744 1084 1826 itaque
1117 1747 1216 1811 etiam
1239 1747 1310 1830 lege

85 1843 152 1908 XII
175 1844 241 1908 tab.
265 1849 397 1908 cautum
422 1848 480 1908 est.

174 1944 203 2010 2.
227 1945 331 2010 Gallis
353 1944 397 2026 (2,
421 1945 488 2026 47)·
516 1945 677 2024 MulierIs,
706 1965 789 2027 quae
817 1947 849 2010 in
880 1954 1075 2028 agnatorum
1102 1952 1206 2015 tutela
1229 1958 1309 2032 erat,
1388 1988 1391 1996 f

157 2149 181 2201 2.
222 2147 285 2215 Uip.
304 2147 405 2214 (1110,
424 2147 466 2214 1);
485 2147 564 2200 ‘filius
583 2159 620 2201 ter
638 2151 807 2216 manoIpatus,
830 2159 867 2201 ter
884 2153 1055 2203 manumissus
1078 2155 1119 2204 sui
1142 2154 1207 2204 iuris
1226 2157 1264 2220 fit,
1282 2157 1309 2207 id
1361 2208 1364 2214 ,
1436 2191 1437 2196 =

82 2229 156 2280 enim
187 2229 228 2278 lex
253 2227 305 2277 XII
332 2228 384 2277 tab.
408 2227 480 2277 iubet
502 2227 544 2277 his
562 2228 657 2278 verbis:
684 2239 709 2275 ΙΙ
735 2240 826 2276 PATER
852 2254 884 2262 -
911 2224 996 2278 ustos
1032 2226 1095 2282 Gal.
1114 2231 1241 2293 (1,132):
1261 2229 1310 2284 ‘lex
1365 2247 1366 2250 ’

83 2307 157 2357 enim
175 2305 227 2354 XII
247 2307 297 2355 tab.
316 2315 415 2357 tantum
434 2307 462 2356 in
479 2322 591 2370 persona
606 2305 656 2354 filii
675 2305 704 2355 de
723 2305 805 2354 tribus
823 2307 1059 2371 mancipationibus
1076 2309 1191 2374 loquitur
1204 2310 1246 2359 his
1255 2327 1310 2361 ver·

83 2387 138 2434 bis:
167 2396 192 2432 s1
218 2395 309 2433 einen
343 2411 377 2419 -—
402 2379 487 2447 nsuo',
516 2411 547 2417 —
575 2379 615 2432 Cf.
643 2379 706 2433 Gai.
732 2383 756 2445 4,
775 2381 816 2433 79.
834 2379 918 2434 Diou.
935 2383 962 2446 2,
980 2381 1025 2449 27,
1052 2380 1187 2450 postquam
1214 2388 1268 2438 iam
1295 2404 1311 2437 a

84 2459 196 2510 Romulo
216 2455 296 2522 (1.10)
315 2462 362 2510 hoc
380 2461 546 2511 constitutum
565 2477 617 2510 ense
636 2461 711 2521 dixit,
730 2461 812 2511 addit:
833 2458 946 2512 ‘todeca
964 2458 1015 2514 τὸν
1034 2459 1125 2526 νόμον
1142 2489 1176 2498 ·-
1194 2458 1221 2515 01
1241 2459 1310 2516 δέκα

82 2529 189 2604 ἄνδρες
213 2527 272 2600 ἅμα
298 2541 359 2600 τοῖς
383 2529 482 2598 ἄλλοις
501 2531 671 2606 ἀνέγραψαν
690 2533 801 2602 νόμοις,
820 2536 869 2588 καὶ
889 2529 967 2590 ἔστιν
986 2531 1017 2589 ἐν
1036 2543 1071 2605 τῇ
1089 2535 1212 2608 τετάρτῃ
1230 2544 1309 2605 τῶν,

85 2607 200 2664 δώδεκα
219 2608 344 2665 δέλτων]
365 2614 461 2670 -Quem
479 2615 556 2664 Dion.
578 2614 676 2677 locum,
700 2614 765 2663 unde
782 2613 936 2664 Dirksenius
959 2621 1038 2664 totam
1056 2616 1159 2666 Romuli
1178 2617 1207 2665 de
1224 2617 1309 2682 patria

83 2697 210 2755 potestate
232 2691 315 2755 legem
336 2692 365 2740 in
382 2691 433 2740 ΧΠ
454 2697 580 2754 receptam
603 2707 656 2739 esse
678 2690 829 2754 collegerat,
857 2691 887 2739 ad
906 2691 985 2740 solam
1003 2692 1175 2742 venditionem
1194 2693 1309 2744 filiorum

83 2765 212 2830 pertinere
229 2774 296 2815 recte
313 2775 398 2817 monet
416 2763 477 2816 Scit.
491 2781 521 2831 p.
539 2766 583 2817 52.

154 2837 178 2891 3.
216 2842 253 2891 CI.
272 2839 334 2893 Gal.
353 2841 369 2892 1.
391 2841 447 2892 III
460 2840 497 2892 ad
515 2841 583 2894 XII
596 2840 649 2894 tao.
667 2840 712 2903 (D.
737 2843 780 2906 48,
798 2843 823 2906 5,
841 2844 896 2905 43)
916 2842 955 2894 ‘si
973 2847 1076 2912 exlege
1094 2847 1229 2912 repudium
1247 2849 1309 2898 mis·

82 2935 141 2967 sum
159 2935 211 2967 non
229 2914 279 2982 sit'‚
297 2923 342 2970 eie.

155 2994 180 3044 4.
219 2992 282 3060 Uip.
301 2995 338 3046 ud
357 2995 420 3049 Sao.
439 2995 485 3057 (1),
503 3000 546 3061 38,
564 2999 607 3060 16,
625 2999 649 3060 3,
667 2999 691 3046 9.
710 2996 775 3058 11.).·
798 2994 837 3047 ‘ex
853 2999 871 3048 1.
890 2998 941 3047 XII
959 2999 1009 3048 tab.
1029 2999 1060 3047 ad
1077 2999 1220 3064 legitimam
1238 3002 1311 3051 here-

87 3075 196 3124 ditatem
215 3075 246 3137 is,
265 3075 310 3139 qni
329 3076 358 3124 in
375 3084 446 3126 utero
464 3077 523 3140 fuit,
542 3076 694 3138 admittitur,
713 3075 736 3123 si
755 3075 832 3124 fuerit
850 3075 933 3124 editus
944 3099 983 3123 m.
999 3075 1095 3125 PostX
1108 3093 1205 3125 menses
1219 3077 1308 3127 mortis

85 3159 163 3200 natus
181 3167 232 3198 non
250 3151 394 3200 admittitur
412 3154 442 3201 ad
460 3153 606 3217 legitimam
624 3146 806 3200 hereditatem’

156 3227 186 3276 V.
206 3223 229 3276 1,
264 3228 381 3276 Fortasse
404 3229 483 3278 etiam
505 3229 534 3276 de
553 3223 697 3276 Vestalium
720 3225 903 3274 hereditatibus
925 3224 982 3288 lege
999 3223 1051 3274 XII
1069 3226 1119 3274 tab.
1140 3233 1239 3276 cautum
1260 3228 1307 3278 ali-

84 3304 149 3370 quid
172 3311 239 3362 erat3
263 3299 330 3352 Gall.
350 3299 389 3366 (1,
407 3305 443 3353 12
450 3340 456 3362 ,
474 3302 519 3366 18)
538 3303 613 3352 dicit:
637 3299 675 3351 ‘in
698 3301 886 3351 commentariis
905 3301 1041 3364 Labeonis,
1059 3318 1120 3366 quos
1140 3303 1171 3350 ad
1188 3303 1241 3353 XH
1258 3306 1310 3355 tab.

85 3381 242 3447 composuit,
266 3381 303 3430 ita
325 3381 449 3446 scriptum
471 3388 520 3430 est:
544 3376 643 3443 “Virgo
661 3379 773 3428 Vestalis
791 3394 872 3442 neque
893 3379 966 3426 heres
989 3386 1025 3427 est
1048 3379 1167 3442 cuiquam
1188 3381 1309 3432 intestato

85 3476 166 3525 neque
189 3458 325 3531 intestatae
348 3452 509 3524 qnisquam.'’
546 3456 595 3505 Sed
615 3456 683 3504 bona
706 3455 761 3504 eius
784 3455 812 3504 in
838 3454 970 3518 publicum
992 3453 1077 3517 redigi
1100 3454 1186 3518 aiunt;
1210 3457 1238 3506 id
1260 3474 1309 3522 quo

86 3538 143 3586 iure
162 3538 215 3598 fiat,
234 3529 381 3600 quaeritur.'
401 3534 439 3584 Of.
458 3529 474 3581 I.
495 3527 577 3580 Num.
595 3530 621 3579 9.

154 3609 178 3660 2.
216 3612 253 3661 Gi.
276 3607 465 3671 (1011157.-
488 3605 571 3657 ‘olim'
587 3614 710 3672 quantum
733 3606 771 3654 ad.
793 3606 810 3654 1.
829 3605 881 3654 XII
903 3605 953 3655 tab.
973 3605 1077 3669 attinet,
1101 3605 1180 3655 etiam
1199 3607 1309 3658 feminae

84 3698 191 3754 agnatos
211 3689 338 3738 habebant
355 3681 467 3736 tutores'.
554 3755 563 3764 „
913 3707 914 3710 =

155 3872 180 3935 1)
198 3869 237 3923 De
257 3869 306 3922 hac
323 3867 409 3921 futuri
426 3867 452 3920 Il
471 3867 554 3922 forma
572 3882 596 3920 v.
616 3864 677 3919 Solu.
695 3869 781 3920 83.—
796 3866 822 3931 2)
841 3864 915 3917 Hane
933 3865 1020 3932 legem
1038 3881 1054 3918 a
1072 3864 1166 3918 Dr'rlca.
1184 3866 1308 3920 omissam

83 3955 180 4009 merito
204 3953 325 4008 restituit
343 3951 404 4007 Set.
422 3955 463 4005 57.
491 3952 551 4004 -3
569 3952 577 4016 )
596 3951 710 4004 Divortii
734 3950 848 4003 formula
873 3949 1154 4018 posteriore'tcmpore
1173 3951 1237 4004 fuit:
1258 3960 1309 4005 ‘res
1390 3977 1396 3992 ·

84 4043 147 4092 tuas
169 4039 222 4093 tibi
244 4038 359 4091 habeto.2
389 4037 426 4091 D.
444 4041 488 4098 24,
506 4041 534 4099 2,
552 4041 580 4104 2,
598 4041 621 4090 1.
649 4035 743 4090 Plaut.
762 4033 860 4102 Amph.
878 4037 940 4088 928.
962 4033 1034 4088 Tria.
1053 4038 1119 4100 2663
1137 4036 1221 4103 priore
1239 4038 1308 4089 tem·
1414 4033 1421 4046 ’

83 4141 146 4192 pore
169 4127 259 4177 autem
281 4123 374 4176 fuisse:
407 4121 492 4175 ‘baete
515 4121 602 4184 foras',
636 4120 753 4174 ostendit
780 4118 937 4181 Buecheler,
966 4119 1058 4173 Jahrb.
1078 4120 1149 4174 Plu'l.
1168 4123 1229 4188 105,
1246 4123 1307 4175 565.

91 4209 179 4262 Varro
202 4225 247 4276 up.
271 4207 343 4260 Nou.
368 4207 432 4272 (77)
462 4213 552 4258 ‘annos
576 4205 675 4258 multos
698 4203 769 4272 quod
786 4218 875 4272 parere
895 4219 926 4256 ea
952 4220 1004 4258 non
1025 4207 1143 4272 poterat,
1170 4204 1308 4261 mulierem

84 4294 155 4347 iores
173 4294 281 4348 baetere
298 4291 394 4345 iussit?
430 4289 525 4344 Placet.
550 4289 609 4342 Cos.
628 4293 654 4355 2,
672 4292 699 4350 2,
717 4291 768 4340 35:
792 4287 836 4343 ‘di
855 4287 962 4356 Semper
980 4291 1011 4342 tu
1029 4290 1092 4344 huie
1110 4289 1190 4344 verbo
1208 4288 1307 4346 vitato!

84 4379 116 4432 C.
136 4379 187 4432 Cui
204 4377 301 4430 verbo?
326 4375 362 4429 111.
387 4375 493 4438 Itoras,
512 4373 634 4427 mulier!’
653 4373 737 4426 Muri.
757 4376 803 4434 11,
823 4375 924 4436 104,1.
952 4373 1035 4439 11101,
1059 4373 1125 4428 vade
1148 4374 1229 4438 foras,
1257 4379 1305 4432 aut

84 4462 202 4515 moritus
220 4465 294 4515 utera
312 4460 425 4514 nostris'

1101 4545 1117 4598 2
1124 4545 1140 4574 11
