3328 5356
294 371 357 438 296
824 366 977 434 Scriptores.

296 544 393 624 culpa
416 547 476 621 est,
500 541 519 607 i.
544 559 570 606 e.
594 543 773 630 peccatum,
796 557 879 604 noxa
902 542 1011 604 autem
1030 555 1144 618 poena.
1172 534 1316 614 'Quidam
1333 553 1416 600 noxa
1434 555 1512 618 quae

295 645 423 724 nocuit,
461 643 555 709 noxia
578 642 624 707 id
655 641 741 723 quod
763 641 906 706 nocitum
938 638 1128 720 accipiunt.¹
1177 635 1253 700 237.
1283 637 1514 702 Pollicemur

296 751 420 826 sponte,
442 743 549 825 rogati
571 742 848 824 promittimus.
893 737 965 804 256.
987 773 1030 786 ··-
1052 739 1227 805 osculum
1249 738 1415 821 religionis
1438 757 1513 818 esse,

296 847 441 912 savium
462 844 657 926 voluptatis}
678 878 722 890 -
743 842 890 926 quanrvis
913 842 1045 923 quidam
1068 840 1212 908 osculum
1234 838 1308 906 liliis
1327 841 1407 920 dari,
1426 840 1515 904 uxori
1617 849 1618 938 l

296 948 431 1022 basium,
457 949 561 1012 scorto
584 946 707 1012 savium
729 943 865 1011 dicant.2
908 941 979 1007 346.
1003 942 1169 1030 (Romani)¹
1188 943 1269 1008 nibil
1287 941 1349 1008 nisi
1376 942 1516 1022 captatis
1617 941 1618 950 ’

295 1047 460 1115 iaciebant
482 1047 629 1130 auguriis
652 1052 685 1111 et
707 1047 880 1128 praecipue
901 1047 1060 1128 nuptias.³

379 1147 409 1213 2.
435 1145 505 1215 102.
528 1151 609 1214 ‘Uno
635 1147 773 1214 ordiac':
804 1167 868 1214 uno
899 1154 1009 1228 reatu3
1027 1182 1043 1215 s
1061 1153 1112 1215 est
1143 1149 1183 1212 de
1215 1145 1351 1228 antiqua
1377 1149 1517 1210 tractum

295 1252 441 1332 scientia,
465 1251 542 1332 quia
565 1251 597 1315 in
617 1251 765 1316 ,ordinem
784 1250 976 1316 dicebantur
994 1269 1113 1316 causae
1128 1253 1263 1332 propter
1277 1246 1517 1313 multitudinem

296 1355 345 1420 vel
379 1353 555 1419 tumultum
585 1350 824 1432 festinantium,
857 1370 926 1418 cum
959 1359 1030 1418 erat
1061 1369 1166 1417 annus
1191 1350 1307 1415 litium.
1355 1348 1518 1413 Iuvenalis

295 1454 350 1537 (rc,
373 1454 438 1541 42):
462 1454 719 1535 ‘Exspectandus
742 1454 819 1536 erit,
843 1456 898 1536 qui
921 1455 995 1520 lites
1017 1453 1146 1518 inchoet
1162 1451 1290 1517 annus.
1335 1447 1394 1533 (01·
1413 1457 1437 1519 6,
1455 1446 1518 1532 431)

297 1555 367 1620 156.
392 1555 600 1622 Consuetudo
623 1556 710 1637 apud
734 1557 886 1639 antiquos
909 1553 982 1636 luit,
1005 1563 1043 1620 ut
1066 1557 1121 1638 qui
1144 1557 1176 1620 in
1199 1553 1356 1620 familiam
1374 1552 1427 1616 rel
1446 1569 1518 1633 gen·

295 1663 360 1722 tem
384 1655 554 1738 transiret,⁴
575 1658 663 1738 prius
686 1676 719 1723 se
742 1658 911 1739 abdicaret
935 1659 977 1723 ab
999 1676 1049 1738 ea,
1071 1658 1103 1721 in
1127 1675 1191 1738 qua
1212 1656 1331 1735 fuerat,
1355 1659 1389 1718 ct
1411 1654 1457 1718 sic
1479 1653 1516 1717 ab

296 1759 360 1824 alia
382 1759 591 1839 reciperetur.

381 1856 410 1936 3,
433 1856 483 1925 89.
526 1858 587 1924 Est
616 1861 739 1940 speeies
754 1895 769 1927 s
784 1861 928 1943 augurii,
956 1879 1039 1943 quae
1066 1861 1175 1944 legurn
1197 1861 1296 1926 dictio
1320 1861 1516 1941 appellatur:

296 1962 403 2044 legum
426 1962 524 2027 dictio
548 1967 657 2028 autem
680 1968 743 2042 est,
768 1983 841 2029 cum
863 1965 1023 2030 condictio
1046 1963 1236 2046 (condicioi)
1260 1963 1363 2045 ipsius
1387 1961 1513 2044 augurii

297 2069 385 2130 certa
407 2064 648 2146 nuncupatione
670 2067 841 2133 verborum
865 2065 1001 2146 dicitur,
1029 2065 1115 2148 quali
1139 2065 1326 2132 condicione
1348 2064 1516 2147 augurium

297 2171 487 2246 peracturus
505 2165 556 2231 sit.
603 2163 673 2232 117.
691 2203 734 2214 -
752 2168 894 2249 speciem
917 2167 1288 2250 auguralemstradunt,
1307 2184 1390 2247 quae
1411 2164 1516 2247 appel-

296 2269 385 2332 latur
408 2268 621 2349 condictio,
645 2268 664 2332 i.
681 2286 708 2332 e.
729 2269 941 2350 denuntiatio,
961 2289 1032 2336 cum
1050 2270 1269 2347 denuntiatur,
1288 2273 1326 2333 ut
1342 2273 1421 2333 ante
1438 2267 1516 2332 diem

297 2369 429 2435 tertium
457 2369 530 2451 quis
556 2371 598 2435 ad
624 2371 887 2452 inaugurandum
914 2372 1009 2437 adsit.
1053 2369 1124 2433 607.
1147 2370 1275 2453 Physici
1298 2370 1422 2449 dicunt,
1453 2385 1516 2432 esse

297 2477 500 2536 consecratas
529 2472 715 2539 numinibus
743 2472 884 2554 singulas
915 2473 1057 2554 corporis
1085 2476 1213 2554 partes:
1244 2476 1282 2535 ut
1312 2489 1425 2537 aurem
1456 2470 1517 2534 Me-

297 2573 432 2651 moriae,
459 2609 502 2620 -
528 2572 666 2639 frontem
685 2572 802 2652 Genio,
830 2609 873 2620 -
894 2575 1041 2640 dextram
1063 2573 1183 2654 Fidei,4
1204 2607 1247 2622 -
1270 2591 1374 2656 genua
1396 2572 1517 2638 Miseri·

297 2809 337 2864 Cf.
356 2809 444 2865 ΖΕΘ.
462 2812 486 2874 9,
505 2811 565 2862 195.
584 2838 618 2854 ν-
635 2808 661 2876 2)
680 2809 720 2862 Dc
739 2809 861 2862 hocloco
880 2807 912 2862 cf.
931 2809 1095 2874 Becboucun,
1112 2809 1272 2865 Dotalrecbt
1286 2814 1311 2873 1,
1322 2811 1364 2864 72.
1385 2807 1518 2878 Oapblorr,

295 2893 455 2949 Dototrecbt
471 2897 514 2948 40,
532 2922 566 2933 -
588 2893 615 2958 3)
633 2892 743 2947 Maurus
761 2899 787 2960 (s.
809 2893 920 2962 Marius)
939 2894 1045 2950 Servius
1068 2895 1219 2949 Honoratus
1243 2893 1434 2964 grammaticus
1455 2907 1518 2946 saco.

296 2979 335 3033 IV
353 2995 370 3032 a
388 2978 538 3046 macoma,
556 2984 607 3033 aot.
625 2983 650 3042 1,
668 2981 758 3047 2,15,
776 2977 905 3034 ‘doctrina
923 2979 1061 3034 mirabilis'
1080 2980 1232 3050 appellatur
1249 2979 1397 3046 (oidcron
1413 2977 1517 3032 inHor.

296 3071 345 3118 sot
364 3069 389 3124 1.
413 3068 438 3122 9.
457 3066 511 3127 76).
547 3062 735 3132 Amplissimos
758 3064 814 3119 eins
840 3064 868 3120 iu
886 3064 1037 3134 Vergilium
1059 3065 1263 3120 commentarius
1284 3067 1377 3132 postea
1394 3079 1411 3116 a
1428 3063 1518 3116 multis

297 3153 324 3202 et
343 3148 503 3216 epitomatus
521 3149 550 3200 et
567 3147 745 3216 interpolatus
763 3152 791 3202 et
809 3152 905 3202 auctus
923 3152 975 3214 est,
993 3153 1024 3202 ut
1043 3149 1121 3204 hodie
1140 3166 1221 3220 usque
1240 3165 1292 3204 non
1311 3151 1416 3203 constet
1434 3148 1519 3215 dege-

297 3231 378 3284 nuina
396 3232 453 3285 eius
471 3231 564 3286 forma.
600 3231 761 3286 Plenissime
779 3233 837 3287 eius
855 3231 937 3288 editio
955 3237 1010 3289 est:
1029 3233 1089 3287 Alb.
1100 3233 1182 3297 Lioa,
1192 3234 1376 3288 contrasteterit
1389 3234 1419 3287 ta
1434 3233 1520 3301 Vcrpi-

297 3316 363 3369 lium
383 3314 515 3369 Seruiani.
535 3319 616 3370 1826.
645 3315 737 3372 Adieci
755 3317 865 3372 adAcn.
883 3321 926 3385 10,
948 3321 1001 3373 241
1019 3317 1136 3373 scholion
1153 3319 1248 3373 incerti
1265 3319 1391 3382 auctoris,
1409 3318 1455 3388 qui
1471 3317 1520 3370 iam

298 3403 361 3454 ante
380 3399 500 3453 Servium
518 3400 638 3454 floruisse
657 3403 912 3472 commentaricsqne
930 3403 1030 3457 saeculi
1044 3403 1134 3456 l-Ill
1144 3402 1302 3472 excerpsisse
1320 3403 1434 3458 videtur.
1452 3402 1521 3468 Quae

297 3484 395 3540 scholia
413 3501 436 3539 a.
463 3485 530 3540 1818
552 3485 586 3540 ab
604 3487 676 3556 Ana.
694 3485 757 3541 Mat
782 3487 901 3542 Veronae
926 3488 954 3542 in
972 3487 1060 3544 codice
1079 3489 1206 3558 rescripto
1231 3491 1338 3558 reperta
1354 3490 1420 3542 sunt
1446 3486 1521 3553 lunda

281 3569 379 3623 schol.
397 3569 493 3623 Veron.
511 3571 702 3640 appellantur),
725 3573 920 3650 novissimeque
943 3572 1018 3628 edita
1039 3573 1073 3628 ab
1091 3573 1129 3627 Η.
1148 3573 1212 3628 Keil
1234 3573 1262 3628 in
1281 3573 1370 3642 Probi¹
1388 3578 1521 3630 conrmcnt.

297 3655 327 3707 ta
351 3653 427 3724 Vera.
446 3658 524 3711 1848.

367 3740 392 3802 1)
411 3739 436 3792 Ι.
454 3743 479 3802 1,
505 3742 587 3806 8,1.·
613 3739 695 3794 ‘Nora
720 3743 761 3795 est
785 3757 891 3810 corpus,
918 3740 987 3810 quod
1010 3742 1114 3808 nocuit,
1136 3744 1217 3798 noxia
1238 3743 1325 3812 ipsum
1347 3742 1521 3798 maleficium'.

299 3821 405 3878 Fronto
424 3823 456 3878 de
474 3824 562 3891 differ.
580 3825 685 3882 vocab:
702 3823 785 3880 ‘Nora
802 3841 886 3893 poena
904 3828 953 3890 est,
968 3827 1046 3880 noxia
1062 3827 1156 3896 culpa'.
1166 3857 1199 3866 -
1217 3822 1326 3895 2')Dou.
1340 3828 1370 3882 cia
1382 3828 1440 3880 Ter.
1452 3825 1521 3902 Esca

298 3912 323 3975 3,
333 3912 397 3973 2‚3:
417 3909 489 3982 ‘Tria
507 3913 570 3964 sunt
591 3910 726 3965 osculandi
744 3926 843 3978 genera
860 3931 906 3965 -ε
925 3911 1015 3965 oscula
1033 3910 1180 3966 officiorum
1198 3913 1355 3980 sunt,besia
1372 3912 1522 3982 pudicorum

299 3991 451 4058 affectuum,
470 3995 564 4048 suavia
583 3995 726 4050 libidinum
744 3995 785 4049 vel
804 3997 984 4050 amorum'.-
995 3997 1021 4062 3)
1033 3995 1087 4053 Cio.
1105 3997 1137 4052 dc
1155 3997 1237 4052 dicia.
1255 4002 1339 4064 1,16.·
1357 3998 1522 4067 ‘quodetiam

300 4093 368 4132 nunc
385 4079 540 4148 nuptiarum
558 4080 681 4148 auspices
699 4079 854 4134 declaraut'.
898 4080 955 4134 Vol.
971 4081 1049 4136 Moe.
1068 4085 1095 4146 2,
1112 4087 1138 4150 1,
1155 4088 1183 4136 1:
1203 4083 1269 4148 ‘Quo
1286 4100 1317 4137 ex
1335 4099 1408 4138 more
1426 4082 1522 4150 nuptiis

296 4163 382 4216 vetiam
404 4179 475 4218 nunc
497 4164 616 4232 auspices
641 4164 865 4234 interponuntur.
884 4195 917 4206 -
939 4167 966 4232 4)
984 4165 1060 4221 Plio.
1085 4168 1110 4222 lc.
1134 4184 1164 4223 a.
1183 4173 1225 4232 11,
1245 4172 1288 4235 do',
1310 4172 1380 4223 250:
1403 4168 1480 4222 ‘inest
1496 4167 1522 4219 ot

198 4251 201 4254 “
300 4247 360 4300 aliis
379 4247 502 4318 partibus
521 4247 652 4318 quaedam
669 4249 774 4318 religio,
793 4249 864 4304 sicut
882 4249 1027 4304 dextra-
1045 4252 1073 4308 in
1092 4253 1145 4307 fide
1163 4242 1326 4323 porrigitur'.
1362 4253 1424 4307 nto.
1441 4254 1522 4320 219.-

300 4328 419 4385 ‘dextrae
437 4330 544 4386 dextras
563 4333 706 4401 iungentes
724 4333 804 4388 fidem
823 4335 1022 4400 obstrinximus,
1040 4341 1071 4392 ut
1089 4341 1207 4392 sacratas
1225 4337 1276 4393 fide
1293 4340 1404 4392 mauus'.
1423 4336 1521 4394 ciLia

300 4417 325 4477 1,
344 4418 396 4482 585
412 4419 456 4484 10,
474 4419 516 4470 46.
561 4418 614 4474 Cic.
634 4418 665 4473 de
685 4419 733 4491 lep.
751 4423 779 4484 2,
796 4423 838 4474 11.
874 4419 992 4487 Isidss,
1006 4426 1030 4488 1,
1041 4425 1082 4476 67.
1100 4423 1189 4487 Dana,
1207 4423 1455 4479 deacralcScleata
1466 4425 1521 4478 139.
