3328 5356
315 439 379 503 236
846 433 1001 502 &fluores-

318 609 493 674 hbemito
515 605 674 689 significat
697 605 817 670 demite
839 607 890 670 vel
907 603 1048 684 aufert03
1071 622 1176 669 emere
1200 604 1284 668 enim
1304 604 1431 685 antiqui
1455 605 1539 668 dioe-

316 713 396 776 bant
417 729 476 791 pro
500 710 655 790 accipere.
680 708 715 772 P.
738 712 769 772 4.

316 813 560 894 Aborigines
583 809 741 892 appellati
764 811 849 888 sunt,
871 808 957 889 quod
976 813 1122 873 errantes
1142 808 1350 873 convenerint
1367 809 1399 871 in
1418 825 1540 888 agrurn,

317 915 372 995 qui
409 933 491 978 nunc
530 917 581 976 est
620 911 730 993 populi
770 910 925 988 Romani3
974 907 1036 974 luit
1075 911 1159 974 enim
1198 929 1276 992 gens
1316 910 1544 990 antiquissima

316 1015 439 1080 ltaliae.
485 1013 520 1077 P.
545 1017 594 1076 19.
1167 1096 1173 1100 .

317 1118 448 1180 hceen
459 1116 490 1179 si
505 1115 706 1192 dicebantur,
723 1113 778 1195 qui
797 1115 829 1177 in
848 1113 953 1178 locurn
971 1118 1170 1177 mortuorum
1189 1113 1330 1178 militum
1348 1114 1457 1177 subito
1470 1113 1544 1176 sub-

316 1217 526 1299 rogabantur.
550 1215 628 1280 dicti
650 1215 707 1294 ita,
730 1215 805 1296 quia
827 1215 868 1278 ad
891 1231 1021 1279 censum
1044 1214 1279 1280 adiciebantur.
1324 1213 1359 1278 P.
1387 1217 1437 1278 18.

316 1320 442 1383 hctus
471 1318 565 1382 modo
597 1313 779 1397 significant
802 1351 842 1362 -·
864 1316 928 1379 iter
949 1316 1036 1380 inter
1061 1316 1186 1380 vicinos
1206 1316 1252 1380 IV
1280 1316 1400 1398 pedum
1426 1316 1545 1392 latum;

316 1421 410 1484 modo
426 1419 458 1483 in
475 1419 670 1501 geometrica
683 1419 839 1482 minorem
855 1422 981 1498 partem
992 1417 1106 1498 iugeri,
1118 1417 1138 1482 i.
1150 1435 1177 1482 e.
1187 1415 1276 1481 CXX
1290 1418 1417 1499 pedum.
1442 1416 1477 1480 P.
1498 1419 1544 1479 17.

319 1521 493 1586 Adorare
521 1519 608 1600 apud
635 1520 786 1600 antiquos
813 1517 1018 1600 significabat
1041 1537 1153 1600 agere,
1184 1519 1270 1583 unde
1293 1524 1328 1583 et
1349 1519 1451 1599 legati
1474 1537 1547 1581 ora-

320 1629 407 1686 tores
430 1621 591 1700 dicuntur,
615 1621 691 1700 quia
712 1620 867 1685 rnandata
890 1619 1000 1701 populi
1019 1625 1131 1701 agunt.
1176 1619 1212 1684 P.
1236 1623 1286 1684 19.

320 1723 592 1804 Adpromissor
610 1727 669 1802 est,
692 1723 757 1804 qui,
777 1723 946 1804 qnod¹suo
964 1723 1259 1802 nomineprornisit,
1278 1722 1545 1803 idemproaltero

319 1843 448 1907 quoque
470 1825 640 1907 promittit.
685 1823 721 1888 P.
745 1828 792 1887 15.

322 1927 537 2009 adscripti*
547 1927 603 2009 qui
613 1927 645 1990 in
662 1925 801 1991 colonias
816 1925 943 1988 nomina
958 1925 1134 2004 dedissent,
1151 1929 1189 1988 ut
1203 1930 1312 1989 essent
1322 1924 1434 1988 coloni.
1452 1922 1488 1986 P.
1500 1927 1544 1986 14.

320 2029 587 2111 Adscripticii
613 2028 714 2092 veluti
737 2027 870 2108 quidam
894 2027 1005 2107 scripti
1029 2026 1252 2105 dicebantur,2
1278 2027 1333 2107 qui
1356 2026 1545 2106 supplendis

319 2130 499 2211 legionibus
520 2129 805 2206 adscribebantur3
837 2129 895 2192 hos
918 2133 951 2192 et
973 2146 1164 2192 accensos
1187 2129 1352 2207 dicebant,
1386 2127 1472 2208 quod
1506 2128 1545 2190 ad

319 2233 483 2314 legionum
505 2248 635 2296 censum
657 2235 764 2295 essent
788 2229 956 2309 adscripti;
979 2230 1110 2309 quidam
1136 2229 1312 2308 velatos,
1336 2228 1413 2310 quia
1437 2229 1545 2292 vestiti

319 2335 457 2398 inennes
479 2337 693 2414 sequerentur
716 2332 899 2396 exercitum.
944 2330 1050 2396 1314.
1645 2387 1646 2396 ,

320 2435 472 2500 Aedilis
495 2435 587 2499 initio
610 2434 716 2498 dictus
739 2439 797 2512 est,
828 2433 883 2514 qui
907 2433 1035 2497 aedium
1058 2450 1120 2497 non
1139 2437 1267 2497 tantum
1290 2450 1469 2511 sacrarum,
1493 2433 1545 2496 sed
1645 2413 1646 2434 ¹

321 2538 419 2603 etiarn
441 2525 645 2618 privatarum
668 2552 776 2601 curam
801 2535 951 2616 gerebat3
974 2540 1090 2616 postea
1112 2535 1172 2600 hoc
1194 2551 1309 2599 nomeu
1331 2540 1364 2598 et
1383 2535 1426 2598 ad
1445 2535 1544 2615 magi·
1645 2531 1646 2536 ’

321 2643 445 2704 stratus
469 2638 662 2702 translatum
681 2643 739 2701 est.
777 2637 892 2701 Dictus
914 2643 963 2701 est
986 2641 1096 2701 autern
1118 2635 1242 2716 aedilis,
1266 2637 1353 2719 quod
1375 2635 1484 2700 facilis
1505 2637 1542 2699 ad

319 2758 392 2804 eum
415 2739 503 2822 plebi
526 2739 635 2803 aditus
659 2743 752 2802 esset.
796 2737 833 2802 P.
859 2740 909 2800 13.

268 2835 269 2838 ’
320 2841 477 2905 Aerarii
499 2839 651 2905 tribuni
673 2858 693 2902 a
714 2840 887 2904 tribuendo
909 2857 984 2904 aere
1007 2845 1084 2904 sunt
1107 2839 1272 2921 appellati.
1318 2837 1407 2902 Ra

322 2941 681 3022 Aerariumspopulus
704 2941 868 3006 Romanus
890 2941 922 3004 in
946 2943 1025 3006 aede
1046 2940 1180 3006 Saturni
1200 2941 1326 3012 habuit.
1372 2939 1408 3004 P.
1433 2942 1465 3005 2.

320 3045 541 3109 Aestimate
564 3061 669 3124 poena
691 3041 732 3106 ab
755 3043 895 3125 antiquis
917 3044 958 3132 ab
983 3060 1058 3106 aere
1081 3043 1170 3107 dicta
1192 3048 1252 3121 est,
1276 3044 1332 3124 qui
1355 3061 1427 3107 earn
1447 3044 1542 3107 aesti-

322 3149 437 3210 verunt
450 3143 1181 3222 aere,0ven1decussibas,bovemcentussibas.
1195 3142 1230 3207 P.
1239 3145 1290 3204 24.
1303 3143 1359 3225 (cf.
1370 3143 1541 3224 Maxima.)
1644 3213 1645 3218 ,

322 3245 864 3327 Aliutaetc.v.Lep.Num.15.
910 3244 946 3308 P.
970 3250 999 3310 a
1644 3229 1645 3252 ¹

323 3348 466 3413 Allecti
483 3348 673 3412 dicebantur
687 3347 774 3428 apud
789 3347 961 3426 Romanoa,
980 3348 1035 3430 qui
1054 3352 1188 3429 propter
1196 3348 1337 3429 inopiam
1354 3366 1393 3412 ex
1403 3331 1543 3429 equestri
1644 3337 1645 3390 ἶ

322 3451 434 3514 ordine
450 3450 480 3513 in
500 3454 686 3514 senatorum
705 3453 781 3512 sunt
796 3467 931 3512 numero
950 3450 1126 3529 adsumpti.
1157 3449 1240 3513 Narn
1259 3454 1370 3530 patres
1389 3450 1544 3527 dicuntur,

327 3623 526 3630 .---———-

323 3719 437 3786 repertia
463 3719 546 3772 trium
573 3719 776 3786 quaternionum
808 3718 1005 3786 deperditarum
1033 3719 1094 3772 aliis
1120 3718 1281 3787 apographis
1307 3720 1414 3786 praeter
1440 3715 1543 3770 schedas

324 3802 458 3867 Laelinas,
476 3818 499 3856 a.
519 3803 587 3856 1864
604 3801 689 3856 ‘Festa'
706 3803 763 3857 cod.
781 3809 854 3870 quot.
865 3803 896 3855 X
901 3803 950 3856 VI'
964 3802 1052 3857 denuo
1066 3801 1158 3856 edidit.
1169 3831 1202 3841 -
1212 3801 1243 3855 ln
1261 3802 1311 3855 hac
1325 3817 1385 3856 mea
1394 3801 1541 3856 collectione

323 3889 429 3940 textum
447 3902 461 3939 e
479 3887 631 3940 recensione
649 3887 772 3940 Muelleri
790 3888 888 3956 recepi,
906 3887 978 3946 notis
995 3887 1041 3940 ubi
1060 3903 1124 3955 opus
1141 3886 1284 3940 ridebatur
1301 3886 1422 3952 adiectis,
1441 3885 1540 3953 ringula

324 3970 405 4024 verba
428 3985 459 4023 ex
481 3969 573 4024 ordine
597 3971 766 4038 alphabetico
787 3971 917 4038 disposui,
934 3972 1035 4026 litteris
1052 3971 1179 4037 Haedua)
1198 3970 1306 4037 Flam.)
1324 3971 1447 4037 Martae)
1466 3969 1541 4038 Ktes‘ll

325 4055 398 4109 Mae.
419 4054 477 4109 Mo.
495 4053 584 4108 fontes
602 4053 739 4118 denotavi,
761 4071 928 4109 numerorum
946 4057 1016 4110 notis
1040 4057 1152 4125 paginas
1179 4054 1305 4110 editionis
1329 4056 1403 4110 Mae.
1426 4054 1541 4110 indicavi.

326 4140 378 4193 Ubi
396 4139 429 4194 P.
453 4139 560 4208 supplet
583 4138 627 4205 F..
649 4143 792 4208 utrumque
810 4141 951 4193 nominavi.
971 4171 1003 4180 —
1020 4143 1051 4204 2)
1069 4141 1195 4194 ‘Pecunia
1213 4142 1270 4208 ipsa
1287 4155 1304 4192 a
1322 4157 1414 4208 pecore
1431 4141 1540 4209 appella·

325 4223 411 4278 batur.
438 4223 527 4278 Etiam
545 4241 614 4278 nnnc
634 4225 663 4278 in
680 4225 782 4278 tabulis
799 4225 923 4278 censoriis
938 4241 1036 4294 pascua
1050 4226 1176 4279 dicuntur
1184 4226 1281 4289 omnia,
1291 4226 1428 4294 exquibus
1437 4226 1540 4294 pupulus

326 4307 428 4361 reditus
444 4308 537 4374 hahet,
555 4308 619 4377 quia
634 4308 681 4361 diu
698 4308 747 4361 hoc
765 4309 852 4362 solnm
868 4311 987 4378 vectigal
1005 4310 1107 4364 luerat'.
1143 4309 1218 4362 Plio.
1236 4310 1262 4362 lc.
1280 4327 1308 4362 a.
1325 4314 1370 4375 18,
1386 4314 1412 4376 3,
1429 4316 1470 4364 11.

396 4392 420 4458 1)
440 4392 627 4446 Scribendnm:
651 4393 728 4462 ‘qnod
750 4394 809 4461 quis
833 4409 880 4446 suo
902 4396 1016 4448 nomine·
1037 4393 1105 4448 ate?
1126 4423 1160 4433 -
1183 4396 1209 4459 2)
1227 4396 1289 4458 hel,
1310 4396 1352 4448 nti
1370 4395 1485 4463 qnidam,
1500 4390 1539 4443 ad-

330 4475 459 4543 scriptivi'
484 4476 587 4544 Waleb,
605 4477 639 4532 ad
660 4478 721 4532 Poe.
740 4478 832 4546 Apric.
850 4481 912 4531 265.
930 4479 964 4534 es.
989 4479 1085 4546 Varro,
1101 4479 1117 4532 l.
1136 4480 1152 4532 l.
1172 4483 1197 4545 7,
1213 4482 1255 4532 56.
