3328 5356
312 416 375 480 242
849 405 1002 473 Scriptores.

309 588 444 652 Fenus
463 589 496 649 et
514 582 758 647 feneratores
777 577 920 642 etlexde
940 575 1209 656 creditapeeunia
1225 573 1397 640 fenebris
1428 593 1448 638 a
1465 572 1527 638 fetu

310 690 406 768 dicta,
432 687 518 768 quod
542 684 657 749 crediti
679 681 800 747 nummi
822 679 902 744 alios
925 679 1061 760 pariant.
1108 677 1143 741 P.
1166 680 1219 740 86.

309 789 511 856 Feretrius
526 787 674 866 Iuppiter
692 785 798 849 dictus
817 801 836 846 a
853 780 995 860 ferendo,
1014 781 1099 861 quod
1117 797 1229 860 pacem
1246 777 1331 842 ferre
1347 783 1527 858 putaretur3

310 911 348 965 ex
374 891 462 956 cuius
485 888 606 970 templo
630 886 803 951 sumebant
825 888 1002 964 sceptrum,
1026 899 1084 962 per·
1106 881 1192 961 quod
1215 881 1377 960 iurarent,
1402 886 1435 944 et
1456 881 1530 960 lapi-

311 993 382 1056 dem
406 991 538 1067 siliccm
563 1006 626 1069 qno
649 986 760 1052 foedus
783 983 926 1050 ferirent.
969 985 1004 1062 (o.
1022 983 1167 1064 Lapides)
1210 982 1246 1046 P.
1269 985 1323 1048 92.

310 1092 446 1156 Forias
470 1090 597 1172 antiqui
620 1087 716 1153 iosias
738 1086 914 1164 vocabant3
938 1089 972 1150 et
995 1087 1080 1150 aliae
1103 1089 1196 1150 erant
1219 1085 1287 1149 sine
1312 1084 1363 1150 die
1386 1083 1479 1162 festo,
1498 1092 1530 1148 ut

309 1193 481 1271 nundinae,
505 1190 590 1256 aliae
613 1209 686 1254 oum
707 1186 799 1266 festo,
823 1191 860 1252 ut
883 1186 1077 1252 Saturnalia.
1123 1187 1159 1252 P.
1183 1191 1235 1250 86.

309 1294 485 1358 Fetialcs
509 1312 529 1356 a
552 1291 695 1356 feriendo
711 1290 803 1354 dicti:
824 1290 910 1370 apud
926 1289 985 1354 hos
1003 1289 1087 1354 enim
1107 1289 1184 1354 belli
1203 1290 1357 1371 pacisque
1370 1287 1532 1354 faciendae

310 1397 359 1460 ius
377 1400 436 1460 est.
481 1393 590 1468 Ror.
635 1391 904 1474 (Nouamuiam.
946 1396 1041 1464 Varro,
1060 1398 1076 1453 l.
1095 1398 1112 1451 l.
1131 1402 1155 1464 5,
1173 1393 1228 1473 oo.)

310 1497 524 1561 Flaminius
547 1495 693 1560 camillus
716 1513 797 1576 puer
821 1494 989 1560 dicebatur
1011 1495 1170 1576 ingenuus
1193 1496 1349 1576 patrimes
1370 1499 1404 1558 ot
1424 1495 1532 1560 matri·
1615 1557 1616 1576 2

278 1592 280 1596 ’
310 1617 387 1677 mes,
411 1598 467 1679 qui
488 1596 609 1662 flamini
626 1597 713 1662 Diali
737 1597 779 1662 ad
803 1593 962 1661 sacrificia
979 1595 1282 1676 praeministrabat:
1303 1596 1433 1676 antiqui
1451 1597 1532 1660 enim
1615 1589 1616 1672 Ῐ

311 1701 475 1766 ministros
499 1700 643 1764 camillos
667 1699 824 1763 dicebant.
869 1698 904 1761 P.
929 1702 981 1762 93.

311 1802 509 1866 Flamrneo
541 1801 692 1865 amicitur
713 1801 836 1866 nubens
858 1801 972 1866 ominis
995 1801 1071 1865 boni
1094 1819 1204 1880 causa,
1239 1801 1325 1882 quod
1348 1817 1385 1864 eo
1409 1799 1533 1862 assidue
1615 1833 1616 1846 .

311 1904 468 1970 utebatur
489 1901 659 1983 flaminica,
683 1903 704 1967 i.
728 1922 754 1968 e.
778 1901 919 1968 flaminis
942 1921 1032 1982 uxor,
1057 1904 1110 1968 cni
1133 1921 1196 1968 non
1218 1901 1338 1966 licebat
1361 1899 1472 1966 facere
1489 1901 1532 1964 di·
1615 1949 1616 1958 ,

310 2006 459 2070 vortium.
504 2005 540 2069 P.
563 2008 615 2071 89.

310 2108 501 2174 Flammea
524 2109 718 2172 vestimento
740 2105 904 2172 flaminica
923 2107 1087 2180 utebatur,
1107 2109 1126 2170 i.
1147 2126 1173 2172 e.
1183 2107 1288 2172 Dialis
1307 2125 1388 2170 uxor
1407 2110 1441 2170 et
1451 2104 1533 2170 Iovis
1615 2105 1616 2116 ’

311 2211 468 2290 sacerdos
493 2211 544 2274 cui
568 2211 669 2274 telum
691 2208 834 2274 fulminis
858 2209 968 2274 eodem
992 2213 1063 2273 erat
1087 2209 1199 2273 colore.
1246 2207 1281 2272 P.
1306 2210 1359 2272 92.

310 2311 461 2376 Foedus
481 2311 682 2392 appellatum
702 2313 743 2376 ab
763 2330 799 2375 eo
819 2311 904 2392 quod
923 2311 956 2374 in
975 2311 1164 2391 paciscendo
1182 2309 1312 2374 foedere
1320 2309 1429 2373 hostia
1442 2327 1534 2374 neca·

311 2417 413 2492 retur,
437 2447 478 2458 -
501 2413 552 2476 vel
577 2414 653 2494 quia
677 2414 709 2478 in
732 2412 862 2478 foedere
884 2413 1112 2493 interponatur
1133 2411 1221 2478 fides.
1265 2411 1300 2475 Ρ.
1315 2415 1375 2474 84.

310 2514 479 2579 Forctes
513 2513 698 2596 (loretum),
754 2516 826 2596 rugi
854 2520 886 2578 et
916 2516 1032 2593 bonus,
1068 2514 1134 2578 sive
1161 2513 1294 2578 validus.
1336 2513 1371 2576 P.
1400 2515 1456 2576 84.
1493 2512 1536 2593 (cs.

311 2615 448 2695 Sanctae).
499 2639 501 2642 ·

310 2715 446 2779 Forum
470 2735 524 2780 sex
546 2717 648 2782 modis
670 2718 885 2798 intellegitur:
909 2717 1012 2798 primo
1034 2717 1262 2798 negotiationis
1284 2717 1374 2786 locus
1389 2736 1447 2793 -3
1467 2717 1536 2794 alio,

310 2819 422 2898 inquo
441 2817 561 2882 iudicia
577 2816 656 2896 fieri,
674 2837 746 2882 cum
765 2821 883 2900 populo
901 2821 964 2901 agi,
976 2819 1143 2884 conciones
1161 2819 1274 2884 haberi
1291 2818 1410 2897 solent;
1430 2819 1538 2896 tertio,

311 2937 384 2994 cum
407 2917 444 2998 is,
468 2919 523 2998 qui
545 2919 729 2999 provinciae
752 2925 891 3001 praeest,
909 2919 1014 2985 forum
1034 2938 1131 3002 agere
1149 2921 1278 3000 dicitur,
1298 2939 1370 2985 cum
1390 2921 1539 2984 civitates

310 3025 406 3084 vocat
429 3025 461 3084 et
484 3021 523 3085 dc
547 3023 773 3086 controversiis
796 3041 907 3108 eorum
931 3022 1110 3103 cognoscit3
1135 3026 1260 3102 quarto,
1285 3040 1357 3086 cum
1380 3022 1415 3086 id
1434 3019 1538 3086 forum

312 3123 439 3203 antiqui
460 3124 687 3204 appellabant,
719 3125 804 3205 quod
827 3142 912 3188 nunc
935 3123 1127 3188 vestibulum
1152 3121 1291 3203 sepulcri
1314 3122 1419 3186 dicari
1442 3123 1539 3199 solea

312 3229 365 3288 cic.
402 3223 437 3287 P.
460 3229 513 3288 84.

310 3315 577 3406 Fulguritum,
608 3329 642 3392 id
665 3329 749 3408 quod
774 3333 823 3392 est
845 3327 978 3390 fulmine
1001 3327 1112 3404 ictum,
1146 3325 1201 3406 qui
1224 3325 1312 3394 locus
1331 3325 1447 3388 statim
1470 3324 1540 3388 lieri

311 3425 492 3506 putabatur
513 3429 694 3510 religiosus
719 3431 804 3510 quod
823 3448 896 3494 eum
916 3429 996 3493 deus
1012 3429 1072 3492 sibi
1092 3427 1216 3492 dicasse
1235 3427 1411 3490 videretur.
1435 3425 1472 3491 P.
1485 3430 1539 3489 92.

310 3525 635 3596 Fundussdicitur
657 3532 796 3612 populus
819 3549 889 3596 esse
912 3530 969 3609 rei,
993 3548 1087 3610 quam
1111 3529 1240 3607 alienat,
1259 3527 1320 3592 hoc
1338 3533 1389 3592 est
1408 3534 1537 3592 auctor.

311 3628 347 3691 P.
371 3633 422 3692 89.
1066 3663 1068 3666 ν

226 3740 228 3743 ’
312 3728 411 3794 Gens
434 3730 544 3796 Aelia
568 3735 762 3814 appellatur,
787 3753 869 3816 quae
892 3753 931 3798 cx
953 3734 1064 3798 multis
1083 3732 1213 3798 familiis
1229 3730 1406 3797 conficitur.
1430 3731 1468 3798 P.
1485 3735 1539 3794 94.

311 3829 495 3897 Gentilis
519 3834 636 3899 dicitur
659 3854 697 3899 ex
720 3837 832 3900 eodem
854 3855 972 3917 genere
995 3841 1096 3914 ortus,
1115 3840 1149 3899 et
1167 3835 1203 3914 is,
1221 3835 1275 3914 qui
1291 3834 1389 3900 simili
1408 3834 1541 3898 nomine

311 3933 507 4014 appellatur,
539 3941 576 3999 ut
600 3937 647 4000 ait
670 3937 812 4002 Cincius:
841 3934 1002 4002 ‘Gentiles
1024 3937 1103 4000 mihi
1126 3941 1210 4016 sunt,
1233 3936 1288 4016 qui
1312 3953 1383 4000 meo
1406 3937 1542 4000 nomine

310 4029 535 4114 appellantur'.
580 4037 615 4100 P.
639 4041 690 4102 94.
1064 4032 1079 4046 ⁸

311 4133 435 4200 Graue
468 4154 531 4200 aes
560 4137 682 4202 dictum
705 4160 724 4204 a
747 4142 907 4220 pondero,
940 4141 1017 4222 quia
1050 4141 1122 4205 deni
1146 4159 1253 4219 asses,
1285 4141 1406 4221 singuli
1429 4140 1542 4220 pondo

310 4261 513 4272 --..—.-......,...

311 4318 470 4381 nuntiabat;
493 4349 526 4358 —
548 4325 576 4375 et
594 4321 664 4374 hanc
683 4322 765 4390 diem,
786 4325 833 4392 qui
850 4341 882 4378 er
900 4325 942 4378 his
960 4324 1065 4390 diebus,
1089 4324 1313 4392 quinctianum,
1336 4324 1438 4390 primus
1455 4325 1542 4377 esset.

311 4399 412 4464 placuit
430 4403 557 4456 kalendar
575 4407 676 4466 vooari;
701 4413 809 4460 verbum
827 4412 917 4462 autern
935 4413 1017 4464 καλῶ
1035 4425 1158 4476 graecum
1177 4411 1232 4471 cst,
1250 4408 1268 4462 i.
1287 4425 1309 4463 c.
1327 4409 1406 4462 voco'.
1444 4407 1541 4460 Maca.
1615 4469 1616 4472 Ἰ

311 4488 360 4536 oct.
380 4487 405 4541 1,
423 4487 465 4537 15.
