3252 5310
281 423 304 484 4
795 417 880 485 Leges
898 417 997 485 regiae.

283 589 348 676 ἔθη
370 593 446 673 περὶ
470 589 530 665 τάς
551 591 762 672 πατρωνείας
785 585 909 653 τοιάδε
942 584 1022 660 τοδς
1043 586 1105 670 μὲν
1127 585 1326 666 πατρικίους
1348 581 1415 646 ἔδει
1437 595 1521 658 τοῖς

284 691 416 758 ἑαυτῶν
446 687 606 767 πελάταις
631 693 820 776 ἐξηγεῖσθαι
847 687 888 754 τά
918 689 1048 766 δίκαια,
1071 723 1114 732 -
1145 687 1239 761 δίκας
1266 709 1302 750 τε
1331 682 1414 766 ὑπὲρ
1436 690 1519 749 τῶν

283 799 439 860 πελατῶν
463 789 697 876 ἀδικουμένων
728 788 919 876 λαγχάνειν,
949 827 989 836 -
1017 791 1072 854 καὶ
1102 801 1175 863 τοῖς
1205 788 1402 871 ἐγκαλοῦσιν
1433 784 1519 851 υπέ-

281 919 353 979 χειν
377 931 424 960 -.
444 893 525 970 τοὺς
547 894 582 958 66
601 891 748 969 πελάτας
766 893 833 957 ἔδει
848 905 921 968 τοῖς
936 890 1068 956 ἐαυταῖν
1090 887 1298 973 προστάταις
1319 890 1519 972 θυγατέρας

283 1021 321 1062 τε
340 997 597 1062 συνεκδίδοσθαι
615 996 833 1080 γαμουμένας,
850 994 878 1059 εἰ
897 995 1089 1076 σπανίζοιεν
1112 990 1144 1056 οἱ
1162 993 1303 1074 πατέρες
1318 988 1518 1074 χρημάτων,

283 1100 339 1164 καί
369 1093 474 1181 λάτρα
500 1095 723 1178 καταβάλλειν
744 1098 930 1180 πολεμίοις,
960 1095 989 1160 εί
1011 1119 1063 1170 τις
1089 1089 1207 1158 αὐτων
1234 1088 1253 1176 6
1279 1093 1414 1157 παίδων
1438 1091 1516 1174 αἰχ-

282 1196 438 1284 μάλωτος
468 1201 614 1284 γένοιτο
646 1200 741 1274 δίκας
767 1223 803 1263 τε
837 1195 993 1263 ἁλόντων
1021 1191 1157 1272 ἰδίας“
1136 1221 1155 1280 η
1184 1197 1298 1280 ζημίας
1326 1190 1516 1275 ὀφλόντων

284 1297 489 1422 δημοσίας
471 1300 653 1386 αργυρικόν
680 1298 821 1383 ἐχοίσας
854 1323 999 1417 τιμηνιιιι
997 1299 1034 1364 ἐκ
1058 1303 1128 1364 τῶν
1145 1224 1248 1361 ἰδίων
1270 1294 1411 1362 λύεσθαι
1432 1319 1515 1398 χρη·

213 1417 217 1424 ’
282 1401 400 1488 μάτων
432 1440 481 1466 -.
515 1407 611 1485 xorv6
649 1397 679 1466 6'
716 1398 919 1522 ἀμφοτέροις
957 1394 1036 1465 οὔτε
1075 1392 1171 1464 ὅσιον
1209 1393 1287 1463 οάτε
1322 1399 1425 1482 θέμις
1460 1399 1517 1483 ἡν,

283 1517 482 1590 κατηγορεῖν
509 1500 704 1586 ιιλλάλων’
691 1501 746 1570 επὶ
775 1498 915 1578 δίκας”
897 1529 915 1586 η
938 1512 1207 1585 καταμαρτυρεῖν
1230 1495 1250 1584 6
1275 1503 1390 1585 ψῆφον
1412 1500 1515 1564 ἐναν-

283 1609 361 1672 τίιιν
383 1607 556 1690 ἐπιφέρειν
578 1643 627 1669 -.
661 1605 690 1670 εί
719 1605 759 1670 δέ
788 1628 839 1680 τις
860 1605 1067 1687 ἐξελεγχθείη
1090 1598 1226 1666 τούτων
1249 1625 1282 1665 τι
1305 1598 1515 1726 διαπραττό-

283 1732 392 1792 μενος,
407 1705 527 1810 ἐνοχος
544 1709 587 1792 ἠν
601 1712 651 1771 ro'r
669 1703 762 1790 ιάμω
778 1710 838 1790 τῆς
822 1697 1080 1789 rrpodooicre,u
1060 1727 1101 1768 ον
1119 1697 1320 1826 ἐκάρωσενὸ
1335 1699 1514 1787 Ῥωμύλος,

282 1810 346 1874 τὸν
369 1802 418 1874 66
430 1806 557 1874 άλόντα
579 1813 629 1892 τοῦ
651 1810 845 1892 μῖοιλομένφ
878 1809 1022 1872 κτείνειε
1054 1798 1149 1872 ὅσιον
1180 1807 1221 1891 ὴν
1245 1803 1292 1881 ιδς
1321 1810 1415 1888 θῦμα
1447 1810 1515 1869 τοῦ

283 1913 514 1994 καταχθονίου
536 1907 644 1986 Διόςι

368 2012 396 2078 3.
421 2013 517 2078 Dioa.
535 2013 729 2094 (2.12.14).·ί
748 2009 780 2078 Ὁ
799 2012 835 2077 66
850 2007 1023 2094 Ῥωμύλος,
1040 2005 1156 2092 ἐπειδὴ
1175 2013 1283 2108 ταῦτα
1303 2004 1512 2092 διεκόσμησε,

281 2113 465 2194 βουλευτάς
495 2109 638 2188 66663‘
630 2113 717 2198 ἐχνω
746 2109 1037 2236 καταστησασθαι,
1073 2105 1148 2196 μεθ’
1184 2099 1235 2174 ὧν
1269 2106 1435 2194 πράττειν
1469 2107 1513 2172 τά

282 2215 379 2282 κοινά
407 2214 559 2300 ἔμελλεν,
590 2215 627 2281 ἐκ
659 2221 730 2281 τῶν
752 2216 942 2298 πατρικίων
965 2208 1125 2296 άνδρας
1115 2209 1239 2276 εκατδν
1265 2208 1510 2294 ἐπιλεξάμενος.

283 2353 323 2362 -
346 2315 639 2402 καταστησάμενος
661 2316 702 2402 66
725 2321 834 2381 ταῦτα
856 2316 1000 2397 διέκρινε
1029 2312 1089 2389 τὰς
1111 2351 1152 2359 -
1174 2313 1335 2391 ἐξουσίας,
1364 2307 1403 2388 άς
1435 2309 1510 2377 ἐκά-

281 2435 381 2494 στους
403 2415 562 2498 ἐβούλετο
585 2417 680 2501 ἐχειν.

367 2524 502 2584 Βασιλεῖ
523 2521 584 2604 μὲν
615 2510 677 2584 οὖν
710 2515 847 2604 ἐξῄρητο
870 2516 951 2582 τάδε
975 2517 1017 2582 τά
1040 2518 1128 2602 χέρα·
1158 2521 1300 2599 πρῶτον
1323 2518 1384 2600 μὲν
1407 2514 1511 2600 ἱεροῦν

216 2795 219 2802 ·
285 2771 388 2834 alteris,
406 2772 505 2824 alteros
520 2787 651 2836 accusare,
669 2771 852 2825 testimouium
868 2771 1007 2826 adversum
1020 2771 1106 2826 dicere
1116 2773 1160 2825 vel
1180 2771 1336 2839 suffragium
1345 2771 1507 2824 contrarium

282 2855 359 2909 ferre.
395 2855 470 2920 Quod
496 2856 519 2907 si
542 2856 601 2924 quis
623 2857 652 2908 in
673 2856 762 2928 aliquo
786 2856 914 2910 eiusmodi
941 2857 1054 2910 facinore
1081 2858 1216 2910 convictus
1244 2859 1327 2922 esset,
1349 2855 1508 2922 proditionis

281 2940 352 3007 lege,
370 2954 448 3008 quam
459 2940 586 2993 Romulus
604 2943 736 3004 sanxerat,
754 2941 880 2995 obnoxius
898 2942 959 3006 luit,
977 2957 1090 3010 eumque
1108 2942 1265 3004 interficere,
1284 2944 1315 2993 ut
1324 2940 1384 2993 Diti
1393 2955 1508 3000 sacrum,

280 3023 391 3078 cuilibet
413 3023 533 3092 licebat).
561 3024 602 3078 Of.
625 3024 700 3078 Prae.
725 3025 802 3079 Bora.
827 3029 868 3078 13.

349 3109 374 3174 1)
395 3107 480 3162 Vetus
503 3112 544 3162 est
571 3109 745 3177 disceptatio,
763 3113 853 3165 utrum
873 3106 925 3183 ιτῷ
948 3107 1028 3181 νόμῳ
1054 3122 1103 3180 της
1132 3110 1297 3180 προδοσίας
1317 3109 1449 3177 generalis
1473 3107 1506 3159 de

279 3191 426 3262 proditione
445 3194 486 3246 lex
504 3194 540 3247 sit
558 3194 747 3262 intellegenda,
767 3210 818 3263 qua
841 3197 967 3261 petronus
986 3209 1087 3262 quoque
1106 3193 1230 3247 obnoxius
1248 3194 1306 3247 fieri
1324 3193 1449 3262 potuerit,
1474 3207 1506 3244 an

279 3277 402 3344 specialis
419 3277 451 3332 de
469 3279 575 3346 patroni
593 3278 718 3332 adversus
737 3279 861 3332 clientem
879 3278 977 3333 fraude.
1013 3278 1084 3331 Illud
1111 3282 1171 3346 post
1195 3279 1261 3332 alios
1281 3278 1399 3332 defendit
1420 3277 1506 3330 Diocle

280 3361 423 3424 (Versacbe
435 3379 465 3430 p.
484 3365 540 3429 15l,
558 3364 673 3416 alterum
692 3364 792 3416 rectius
810 3363 927 3428 K6stir'n,
947 3361 1111 3431 (perdroeilio,
1126 3380 1156 3431 p.
1175 3365 1281 3428 21—7.)
1314 3361 1430 3416 Eandem
1450 3377 1505 3416 esse

279 3446 377 3514 legem,
401 3463 479 3515 quaro
497 3449 550 3502 XII
567 3448 675 3502 tabulae
693 3448 753 3512 861
772 3447 906 3509 exhibent,
928 3448 1071 3514 repetitam
1093 3447 1195 3500 seilicet
1224 3465 1238 3501 e
1262 3448 1367 3501 Romuli
1391 3447 1505 3515 legibus,

280 3529 335 3582 reri
352 3530 438 3584 simile
456 3534 505 3584 est.
525 3531 558 3585 cl.
574 3532 699 3598 Dirlrsen,
718 3532 765 3600 ῖιρ.
783 3547 837 3600 rep.
855 3535 918 3586 286.
929 3531 1090 3594 Mommsen,
1109 3531 1302 3600 Forscbaapen
1320 3538 1344 3596 1,
1361 3535 1414 3584 384
1424 3548 1450 3585 ιι.
1460 3535 1504 3584 52.

285 3641 311 3650 -
330 3613 356 3678 2)
373 3613 509 3676 (ltomulus
527 3632 586 3669 oum
604 3617 670 3670 haee
691 3617 887 3680 constituisset,
910 3617 1072 3670 consultores
1088 3616 1230 3670 instituere
1248 3617 1379 3678 decrevit,
1397 3616 1504 3684 quibus·

279 3711 338 3750 curn
360 3713 402 3750 res
424 3699 542 3766 publicas
564 3700 778 3764 administraret,
802 3717 816 3754 e
839 3701 959 3768 patriciis
982 3701 1003 3754 C
1027 3702 1096 3754 viros
1119 3701 1228 3767 eligens.
1274 3701 1324 3753 His
1347 3701 1503 3754 constitutis

278 3780 417 3834 distribuit
443 3785 606 3850 potestates,
633 3801 698 3855 quas
726 3801 938 3854 unumquemque
965 3785 1062 3840 babere
1089 3785 1204 3840 volebat.
1248 3787 1286 3838 Ao
1312 3785 1370 3852 regi
1397 3785 1502 3852 quidem

278 3865 373 3919 heeooe
396 3867 523 3920 attribuit
544 3870 614 3924 iura:
637 3871 751 3938 primurn
773 3875 805 3925 ut
828 3887 961 3925 sacrorum
985 3873 1013 3923 et
1031 3869 1217 3924 sacrificiorum
1235 3870 1348 3923 haberet
1372 3870 1502 3937 prineipa-

278 3951 350 4034 tum,
373 3953 432 4003 tum
455 3954 486 4004 ut
504 3951 593 4019 legum
611 3969 768 4023 morumque
784 3955 931 4023 patriorum
949 3957 1020 4009 esset
1038 3958 1139 4020 custos,
1163 3953 1195 4007 de
1214 3954 1379 4023 gravioribus
1396 3953 1501 4006 delictis

278 4035 523 4102 ipseeoguosceret,
541 4037 640 4092 leviora
649 4039 815 4092 senatoribus
824 4039 1013 4104 committeret,
1031 4042 1154 4093 senatum
1163 4043 1191 4094 et
1200 4040 1324 4108 populum
1342 4041 1496 4091 convocaret

277 4121 305 4172 et
323 4119 349 4172 in
369 4118 439 4172 bello
457 4135 588 4174 summum
607 4122 718 4177 haberet
735 4124 883 4192 imperium.
909 4123 1029 4179 Concilio
1046 4127 1155 4178 senatus
1164 4123 1235 4178 banc
1245 4125 1406 4191 potestatem
1415 4123 1499 4183 dedit,

277 4205 309 4256 ut
318 4201 479 4258 deliberaret
494 4208 522 4258 et
544 4207 700 4275 suffragium
718 4208 798 4263 ferret
815 4209 847 4263 de
866 4209 987 4279 qualibet
1008 4225 1045 4275 re,
1064 4225 1143 4277 quam
1160 4225 1206 4262 rex
1222 4208 1256 4262 ad
1274 4225 1333 4262 eum
1352 4209 1499 4262 retulisset.

278 4287 379 4355 Populo
395 4305 455 4343 vero
474 4288 539 4343 haee
556 4291 610 4344 tria
627 4292 764 4354 concessit,
790 4295 967 4360 magistratus
993 4310 1091 4362 creare,
1117 4294 1191 4362 leges
1218 4295 1320 4347 sancire
1338 4297 1366 4348 et
1384 4292 1500 4346 debello

278 4369 424 4438 decernere,
442 4375 545 4442 quando
558 4391 603 4430 rex
611 4376 776 4443 rogationem
794 4378 827 4430 ad
845 4395 905 4432 eum
922 4380 1038 4434 tulisset.
1069 4378 1203 4447 Suffragia
1220 4381 1310 4432 autem
1328 4376 1430 4432 ferebat
1447 4391 1497 4430 non

173 4465 175 4470 ·
278 4455 357 4510 simul
376 4459 449 4513 totus
467 4459 587 4528 populus,
606 4460 652 4514 sed
670 4462 792 4515 curiatim
811 4466 983 4530 convocatus.)
